1969 3293
239 188 308 225 424
806 188 850 226 S.
880 188 1118 226 FRANCIsm
1147 189 1318 226 BORGiA

238 286 361 325 101131
386 283 477 334 hijo
501 285 556 324 de
577 285 713 324 noble
735 289 920 336 5011013,
944 299 975 338 y
996 285 1259 326 teniendole
1282 298 1416 327 como
1437 288 1478 327 le
1495 293 1703 329 tenemos
1724 289 1876 330 buena

244 355 478 404 voluntad,
503 355 788 407 suplicamos
809 369 840 408 y
862 350 1174 408 encargamos
1204 361 1230 398 a
1252 363 1442 398 nuestro
1471 370 1663 409 51100501
1691 359 1872 412 Duque,

238 426 330 477 hijo
352 439 383 477 y
408 426 632 466 hei-edero
662 434 868 478 nuestro,
899 440 988 480 que
1016 429 1059 468 10
1087 434 1229 480 tenga
1259 441 1392 469 como
1414 432 1441 469 a
1462 429 1701 481 hermano,
1735 444 1765 482 y
1790 443 1875 483 por

237 498 303 537 tal
324 498 368 536 lo
390 503 525 547 trate,
559 509 745 549 aunque
774 510 854 538 sea
881 499 1128 551 bastard03
1161 500 1526 540 alimentandolo
1555 513 1587 552 y
1609 502 1876 542 teniendolo

237 581 295 608 en
317 568 450 608 todos
472 568 670 620 tiempos
691 580 748 609 en
776 581 831 610 su
852 582 984 621 casa,
1006 583 1036 622 y
1054 571 1352 622 ayudandolo
1374 584 1431 611 en
1453 583 1532 612 sus
1551 573 1873 625 necesidades,

239 652 386 691 segun
410 640 465 680 de
494 641 631 692 aquel
662 641 942 693 confiamos3
973 654 1088 693 pues
1116 654 1202 682 nos
1230 655 1287 682 en
1313 649 1505 683 nuestra
1525 643 1652 694 vida,
1685 644 1732 684 ni
1759 657 1816 685 en
1837 646 1877 685 el

237 718 454 762 presente
482 718 673 752 nuestro
696 718 993 764 testamento,
1024 725 1084 754 no
1106 715 1147 754 10
1175 713 1383 765 dejamos
1413 726 1525 755 cosa
1546 716 1736 766 alguna,
1769 728 1875 756 con-

237 782 391 823 fiando
414 783 487 823 del
509 783 645 823 dicho
668 790 860 824 nuestro
885 796 1077 825 sucesor
1099 798 1129 836 y
1147 785 1418 836 heredero.‚‚

316 855 386 894 Ex
410 854 575 906 quibus
597 857 865 896 testamenti
887 856 1043 896 verbis
1068 862 1194 896 recte
1223 856 1465 897 deducitur
1486 857 1610 898 hunc
1640 859 1872 911 Joannem

236 926 628 978 Christophorum
651 933 759 967 ante
782 939 956 967 annum
982 927 1082 967 1517
1104 921 1266 968 natum
1291 928 1444 969 fuisse.

317 996 542 1038 Sanctum
577 1004 734 1038 autem
770 998 1079 1039 Franciscum
1112 999 1287 1050 Borgia
1322 999 1546 1052 quidquid
1580 1012 1696 1053 erga
1725 1013 1875 1053 suum,

237 1069 343 1109 licet
366 1069 674 1120 illegitimum,
705 1069 900 1110 fratrem
930 1070 976 1110 in
1004 1071 1093 1111 hoc
1122 1071 1271 1122 patris
1302 1077 1583 1112 testamento
1610 1072 1877 1124 jubebatur,

240 1141 528 1181 adamussim
549 1140 693 1181 fuisse
715 1148 1039 1193 exsequutum,
1073 1143 1316 1182 revocabit
1345 1143 1390 1182 in
1413 1143 1605 1184 dubium
1626 1156 1777 1195 nemo,
1802 1145 1876 1184 cui

236 1212 481 1252 Francisci
502 1224 658 1252 mores
679 1212 899 1264 vitaeque
929 1213 1178 1264 integritas
1198 1219 1310 1253 nota
1340 1214 1526 1255 fuerint.
1550 1215 1693 1268 Juvat
1721 1222 1876 1256 tamen

235 1283 371 1335 hujus
411 1284 479 1324 rei
514 1284 711 1324 evidens
747 1285 982 1325 adducere
1018 1292 1370 1336 argumentum,
1409 1298 1499 1338 quo
1537 1287 1679 1327 etiam
1718 1288 1879 1338 quanti

236 1354 526 1396 Franciscus
549 1356 672 1395 hunc
694 1354 889 1396 fratrem
920 1356 1098 1404 fecerit,
1123 1363 1442 1408 quantumque
1464 1357 1505 1397 ei
1525 1358 1703 1409 fideret,
1729 1364 1878 1399 osten-

236 1427 386 1467 detur.

322 1498 424 1549 Quo
453 1504 662 1550 tempore
691 1498 904 1539 Gandiae
933 1510 1204 1551 supremum
1232 1499 1389 1539 obibat
1418 1500 1540 1540 diem
1573 1501 1740 1541 tertius
1770 1500 1878 1541 Dux

231 1572 438 1625 Joannes
460 1570 515 1610 de
537 1571 727 1622 Borgia,
756 1571 820 1610 ἕλη
841 1571 1020 1611 50111001
1040 1570 1253 1623 Januarii
1288 1571 1403 1622 1543,
1434 1571 1555 1612 filius
1577 1571 1676 1624 ejus
1709 1573 1876 1625 primo-

233 1642 420 1694 genitus
441 1641 743 1692 Franciscus,
768 1642 847 1694 qui
869 1641 1175 1682 Catalauniae
1207 1641 1406 1683 Pro-rex
1433 1655 1736 1696 summusque
1767 1643 1877 1684 Dux

233 1720 349 1765 erat,
373 1713 636 1753 Barcinone
658 1713 945 1753 morabatur.
970 1713 1013 1753 Is
1034 1713 1191 1765 itaque
1209 1725 1315 1754 cum
1336 1713 1571 1755 Gandiam
1591 1727 1640 1755 se
1663 1715 1876 1756 conferre

237 1792 287 1826 ut
309 1785 509 1825 emortui
530 1785 679 1836 patris
706 1790 1041 1825 testamentum
1069 1785 1307 1836 exciperet
1336 1786 1776 1838 exsequendumque
1803 1798 1876 1827 cu-

234 1865 378 1907 raret,
403 1868 664 1907 munerum,
686 1857 852 1908 quibus
868 1857 915 1896 in
933 1856 1238 1897 Catalauniae
1257 1868 1404 1908 regno
1421 1854 1717 1909 fungebatur,
1738 1870 1878 1898 onere

234 1929 605 1981 praepediretur,
631 1928 827 1968 fratrem
849 1929 974 1968 hunc
995 1928 1227 1982 Joannem
1248 1928 1640 1981 Christophorum
1668 1929 1754 1969 sibi
1776 1929 1877 1969 sub-

236 2001 406 2051 stituit,
431 2012 564 2040 suam
586 2000 627 2040 ei
649 2012 835 2040 omnem
851 2000 911 2040 ad
932 2000 1021 2040 hoc
1043 2000 1284 2051 negotium
1307 1999 1648 2041 conficiendum
1676 2006 1876 2052 potesta-

233 2078 330 2112 tem
352 2072 700 2122 transmittens;
725 2083 817 2123 qua
850 2072 926 2111 ille
947 2078 1075 2112 recte
1108 2072 1314 2112 munitus
1336 2078 1380 2112 et
1408 2072 1501 2123 legi
1522 2079 1567 2112 et
1593 2071 1745 2112 debite
1774 2084 1876 2124 pro-

238 2144 441 2195 mulgari
458 2150 791 2184 testamentum
806 2144 1080 2195 postulavit.
1100 2143 1229 2183 Haec
1247 2150 1404 2184 autem
1419 2143 1735 2196 promulgatio
1751 2144 1876 2184 facta

235 2221 307 2255 est
329 2216 375 2255 in
396 2215 583 2256 Ducum
613 2214 827 2256 Gandiae
850 2216 1025 2267 palatio
1058 2214 1116 2255 La
1142 2215 1388 2255 Februarii
1423 2214 1496 2255 die
1528 2214 1736 2266 ejusdem
1766 2215 1876 2255 anni

240 2286 341 2326 1543
368 2299 452 2338 per
480 2287 715 2327 notarium
751 2285 1080 2327 Sebastianum
1109 2286 1361 2337 Camacho,
1394 2292 1656 2338 praesente,
1690 2292 1877 2337 praeter

235 2358 413 2398 dictum
451 2358 683 2411 Joannem
719 2358 1133 2410 Christophorum,
1171 2357 1413 2398 Francisci
1446 2358 1638 2407 vadem,
1675 2357 1877 2398 Domino

236 2429 519 2481 Raymundo
542 2430 597 2470 de
620 2430 788 2470 Castro
811 2435 855 2470 et
872 2430 928 2470 de
950 2429 1105 2479 pinos,
1129 2429 1439 2469 Vice-comite
1458 2429 1513 2469 de
1530 2429 1663 2479 Evol,
1687 2429 1766 2480 qui
1787 2428 1882 2468 Do-'

235 2501 393 2541 minae
415 2501 702 2541 Franciscae
724 2501 780 2541 de
802 2501 970 2541 Castro
992 2506 1037 2541 et
1059 2501 1115 2541 de
1131 2500 1287 2551 pinos,
1308 2500 1515 2540 defuncti
1531 2500 1679 2540 Ducis
1696 2500 1871 2549 uxoris,

239 2579 397 2624 partes
419 2573 605 2624 agebat.

316 2644 605 2684 Testamenti
626 2645 954 2696 apographum
975 2644 1141 2685 confici
1173 2644 1358 2684 curavit
1386 2642 1613 2695 fratrique
1634 2643 1774 2693 mitti,
1799 2643 1876 2694 qui

236 2716 440 2756 breviter
462 2716 704 2768 rescripsit
727 2715 962 2756 aditurum
984 2728 1033 2756 se
1055 2716 1204 2768 patris
1231 2715 1571 2755 haereditatem
1599 2719 1697 2754 tum
1727 2714 1875 2754 solum

236 2799 343 2828 cum
364 2788 515 2828 soluta
536 2787 707 2828 fuerint
728 2788 877 2842 patris
898 2787 1054 2828 debita
1076 2787 1353 2838 sublataque
1377 2791 1566 2826 caetera
1594 2785 1873 2835 gravamina

237 2859 286 2907 (ci
308 2859 522 2911 beneficso
545 2860 601 2899 de
621 2859 892 2899 inventario
894 2860 940 2909 ),·
956 2859 1048 2899 alia
1069 2859 1211 2899 etiam
1233 2857 1411 2898 addidit
1427 2856 1778 2909 protestationis
1799 2868 1874 2896 ex-

235 2930 560 2983 ceptionisque
582 2931 751 2981 verba,
776 2942 896 2982 quae
924 2930 1015 2970 huc
1037 2930 1353 2970 transcribere
1383 2938 1790 2980 supervacaneum
1809 2926 1873 2966 vi-

233 3002 385 3053 detur,
410 3013 517 3042 cum
539 3007 819 3042 testamento
843 3002 934 3042 sint
956 3001 1157 3042 adnexa.
