2063 3283
645 257 879 294 APPENDIX
907 257 1094 304 QUARTA
1621 260 1693 297 227

61 352 422 403 nostri,.domini
441 352 606 393 Petrus
626 353 894 395 Ludovicus
915 355 971 395 de
999 354 1138 395 Boria
1168 356 1416 406 alumpnus
1442 362 1486 396 et
1514 368 1691 396 camar-

60 424 224 473 lengus
244 431 417 474 noster,
436 423 581 464 Cesar
598 424 653 464 de
671 425 826 477 Borja,
844 425 1083 479 Johannes
1104 426 1159 466 (16
1176 426 1315 478 Borja
1337 439 1441 467 ac...
1462 427 1517 467 de
1535 426 1689 479 Borja,

58 494 291 543 germani,
328 494 495 545 prediti
523 496 683 535 estis...
721 496 945 536 Memoria
980 497 1226 548 presertim
1260 504 1572 548 repetentes...
1609 511 1692 550 per

59 575 144 603 vos
166 565 378 604 eumdem
399 565 613 606 Nobilem
634 567 823 607 Petrum
844 567 1138 608 Ludovicum
1160 568 1215 608 de
1244 568 1431 620 Borja...
1463 569 1509 609 in
1536 571 1689 621 acqui-

59 634 224 674 sitione
246 634 381 686 hujus
403 644 560 676 nostre
588 637 785 687 insignis
815 638 1020 678 civitatis
1049 639 1104 678 de
1135 639 1299 679 Ronda
1328 652 1433 679 cum
1464 647 1562 680 tota
1592 641 1691 693 ejus

58 706 290 756 serrania,
309 707 408 746 sive
426 707 566 757 illius,
591 720 646 748 ac
669 709 771 748 aliis
792 710 1000 759 pluribus
1022 711 1404 750 certaminibus...
1430 712 1551 751 inter
1572 719 1688 753 cete-

55 788 134 816 ros
154 788 241 816 vos
263 777 413 817 dictus
435 777 612 818 Nobilis
633 778 798 819 Petrus
818 779 1089 819 Ludovicus
1113 780 1169 819 de
1192 780 1329 831 Borja
1354 782 1536 821 fortiter
1559 783 1689 823 dimi-

56 859 214 888 care...
237 848 285 887 in
311 849 583 889 suburbium
610 849 731 889 dicte
759 850 966 890 civitatis
997 850 1159 890 Ronde
1191 863 1297 891 cum
1328 853 1431 892 aliis
1459 855 1692 895 nonnullis

56 918 251 958 viriliter
278 931 333 959 ac
361 920 408 959 vi
443 931 679 960 armorum
705 920 834 972 prior
861 921 1121 961 intrastis...
1152 934 1237 961 vos
1265 923 1472 973 prefatos
1503 923 1692 966 Nobiles

54 990 242 1030 Petrum
263 990 556 1030 Ludovicum
577 991 632 1031 de
659 991 819 1043 Borja,
850 992 1071 1032 Cesarem
1101 992 1156 1032 de
1187 993 1348 1044 Borja,
1376 995 1606 1046 Joannem
1634 996 1691 1036 de

54 1060 192 1112 Borja
215 1072 320 1101 ac...
347 1062 402 1101 de
423 1060 613 1112 Borja...
647 1062 706 1102 ad
732 1062 981 1114 honorem,
1010 1063 1232 1115 gradum,
1263 1066 1617 1115 prerogativam
1646 1075 1690 1107 et

53 1131 234 1171 titulum
247 1132 292 1171 E
291 1131 719 1182 gregl'igratanter
736 1134 1017 1184 extollimus,
1037 1133 1316 1174 decoramus
1333 1141 1377 1175 et
1394 1136 1686 1187 insignimus.

51 1202 222 1242 Datum
247 1203 293 1242 in
314 1204 488 1243 nostris
504 1203 717 1244 felicibus
734 1204 913 1244 Castris
930 1205 1254 1256 acquisitionis
1271 1206 1448 1255 Rome,
1469 1208 1542 1247 die
1563 1209 1689 1259 vige-

51 1273 167 1313 simo
190 1280 358 1314 octavo
380 1275 553 1314 mensis
574 1275 706 1326 Maii,
730 1275 869 1315 Anno
891 1288 916 1316 a
946 1276 1202 1316 Nativitate
1233 1277 1423 1318 Domini
1443 1278 1689 1320 Millesimo

49 1344 510 1396 quadringentesimo
529 1347 818 1398 octogesimo
837 1348 1047 1398 quinto...
1067 1347 1262 1398 Signum
1278 1349 1576 1401 Ferdinandi,
1596 1357 1685 1391 etc.

130 1415 183 1455 El
204 1415 331 1467 Papa
348 1415 480 1457 Sixto
496 1417 577 1468 IV,
598 1430 655 1457 en
671 1418 786 1458 Bula
803 1418 877 1458 del
897 1418 922 1457 4
942 1418 997 1458 de
1018 1418 1055 1458 F
1059 1418 1224 1458 ebrero
1247 1420 1303 1459 (16
1328 1420 1442 1471 1483,
1463 1422 1687 1463 confirmo

50 1487 93 1527 la
109 1487 315 1527 facultad
336 1488 701 1529 anteriormente
718 1490 975 1530 concedida
991 1493 1019 1529 a
1035 1490 1092 1530 D.
1112 1489 1321 1542 Rodrigo
1341 1491 1396 1531 de
1417 1492 1556 1544 Borja
1572 1505 1688 1545 para

49 1564 194 1598 testar
211 1569 268 1598 en
288 1558 426 1599 favor
443 1558 499 1599 de
522 1571 601 1599 sus
622 1559 756 1611 hijos,
782 1572 964 1612 aunque
986 1561 1114 1600 fuese
1132 1561 1187 1601 de
1204 1562 1362 1602 bienes
1382 1564 1688 1614 procedentes

49 1629 104 1669 de
138 1628 388 1669 beneficios
420 1634 444 1669 0
481 1642 652 1681 cai-gos
687 1632 1020 1672 eclesiasticos.
1056 1632 1227 1681 (Vease
1262 1634 1303 1672 el
1330 1634 1522 1674 Boletsn
1552 1636 1607 1674 de
1639 1636 1687 1675 la

50 1700 301 1740 Academia
323 1702 378 1741 de
400 1701 447 1741 la
470 1701 709 1752 Historia,
730 1709 857 1743 tomo
881 1716 946 1754 ix,
970 1707 1078 1755 pag.
1103 1704 1213 1754 430.)
1236 1705 1329 1744 Alli
1352 1717 1400 1745 se
1422 1706 1577 1746 indica
1599 1719 1687 1759 que

49 1771 105 1811 D.
134 1771 342 1823 Rodrigo
365 1775 526 1824 queria
551 1773 636 1813 dar
656 1773 806 1813 50000
829 1774 1037 1814 ducados
1060 1778 1087 1814 a
1113 1787 1166 1815 su
1188 1774 1280 1826 hijo
1307 1776 1364 1816 D.
1389 1777 1537 1817 Pedso
1559 1778 1685 1819 Luis.

49 1841 132 1882 Asi
159 1843 282 1894 pudo
313 1847 410 1883 este
446 1856 665 1895 comprar
696 1845 739 1884 al
765 1844 868 1896 Rey
899 1845 1108 1885 Catolico
1138 1847 1208 1886 las
1236 1847 1405 1887 tierras
1432 1861 1462 1899 y
1492 1849 1602 1888 villa
1632 1849 1688 1890 de

50 1912 245 1954 Gandia.
265 1914 333 1954 La
356 1915 584 1955 escritura
609 1915 664 1955 de
686 1922 827 1955 venta
849 1919 948 1956 esta
969 1916 1168 1957 fechada
1190 1930 1247 1957 en
1268 1918 1434 1959 Alcala
1458 1920 1513 1959 de
1537 1920 1686 1960 Hena-

49 1996 123 2024 res
143 1988 169 2024 a
190 1985 215 2024 3
236 1985 291 2025 de
312 1985 580 2026 Diciembre
602 1987 675 2026 del
696 1991 786 2027 ano
808 1987 920 2027 1485.
942 1987 998 2028 D.
1019 1988 1169 2028 Pedro
1191 1989 1303 2029 Luis
1324 1990 1398 2030 dio
1421 1992 1464 2030 al
1482 1990 1582 2042 Rey
1603 2004 1688 2043 por

49 2056 118 2096 las
133 2056 300 2096 tierras
318 2057 373 2097 de
392 2056 577 2097 Gandia
594 2057 739 2097 63.121
760 2059 966 2109 timbres‚
986 2065 1082 2099 tres
1098 2060 1270 2100 sondos
1286 2074 1316 2112 y
1332 2073 1483 2101 nucve
1501 2063 1687 2104 dineros

50 2127 105 2167 de
125 2128 324 2168 moneda
348 2128 500 2168 reales
522 2128 577 2168 de
599 2128 842 2169 Valencia.

127 2198 304 2250 Luego,
328 2199 428 2239 {120
449 2200 521 2239 del
542 2200 709 2240 mismo
739 2212 839 2240 mes
860 2214 891 2252 y
920 2205 1025 2252 ano,
1055 2215 1086 2253 y
1116 2203 1322 2243 tambie'n
1350 2216 1406 2243 en
1436 2204 1602 2245 Alcala
1630 2206 1686 2245 de

51 2268 275 2321 Henares,
296 2275 462 2321 otorgo
484 2272 524 2311 el
545 2283 629 2323 rey
649 2271 706 2312 D.
731 2272 768 2311 F
771 2272 979 2312 ernando
1001 2276 1028 2312 a
1044 2273 1100 2313 D.
1121 2273 1272 2313 Pedro
1295 2274 1406 2315 Luis
1424 2276 1479 2315 de
1498 2275 1635 2327 Borja
1656 2290 1687 2328 y

50 2343 76 2379 a
97 2351 175 2380 sus
196 2353 441 2381 sucesores
466 2348 850 2393 perpetuamente
880 2344 925 2382 la
955 2344 1142 2384 merced
1169 2345 1242 2384 del
1269 2345 1408 2385 tz'tztlo
1439 2347 1494 2386 de
1516 2347 1687 2398 Daque

49 2411 103 2450 de
125 2412 322 2452 Gandz'cz.
347 2413 401 2452 El
422 2414 698 2464 compendio
729 2414 784 2454 de
816 2420 912 2454 este
943 2414 1246 2466 documento,
1276 2416 1527 2467 publicado
1557 2430 1614 2458 en
1643 2420 1685 2459 el

50 2481 237 2522 Boletz'n
258 2484 313 2523 de
332 2483 379 2523 [α
398 2484 653 2524 Αεαιίεινηίιι
674 2485 729 2524 de
748 2485 796 2524 la
817 2485 1057 2536 Historia,
1078 2492 1205 2526 tomo
1228 2500 1289 2538 1Χ,
1314 2500 1363 2528 65
1381 2500 1516 2528 601110
1535 2490 1683 2540 sigue:

127 2553 222 2594 Nos
240 2553 278 2594 F
281 2555 565 2595 erdinandus
587 2556 676 2596 Dei
705 2557 859 2607 gratia
880 2556 981 2597 Rex
1009 2557 1231 2609 Castelle,
1265 2559 1562 2612 Aragonum,
1593 2567 1681 2602 etc.

50 2621 353 2666 Vendidimus
389 2626 561 2666 dudum
596 2627 730 2667 vobis
761 2628 986 2679 Egregio‚
1029 2629 1183 2669 Nobili
1218 2636 1262 2670 et
1297 2630 1547 2682 Magnifico
1581 2633 1685 2672 viro

50 2693 183 2736 Petro
204 2696 446 2737 Ludovico
469 2698 524 2738 de
545 2697 698 2749 Borja,
719 2705 763 2738 et
783 2700 969 2750 vestris,
989 2699 1225 2740 Ducatum
1241 2707 1286 2741 et
1306 2702 1467 2742 villam
1484 2703 1540 2742 de
1560 2703 1682 2744 Gan-

49 2763 124 2806 dia
145 2772 189 2806 et
209 2767 428 2808 Castrum
449 2768 504 2808 de
535 2769 757 2820 Bayrent,
780 2770 918 2810 modo
941 2776 985 2811 et
1012 2770 1164 2811 forma
1186 2773 1416 2812 contentis
1438 2774 1485 2813 in
1504 2780 1686 2814 contra-

50 2841 125 2876 ctu
145 2838 290 2889 ipsius
308 2839 604 2880 venditionis.
631 2841 689 2880 Et
710 2841 1061 2881 considerantes
1079 2842 1246 2893 quibus
1262 2844 1488 2895 moribus,
1515 2845 1685 2896 indole,

50 2908 322 2949 strenuitate
339 2915 383 2949 et
400 2910 542 2950 animi
558 2911 876 2962 generositate
892 2913 1004 2952 estis
1020 2913 1245 2964 preditus,
1265 2919 1310 2954 et
1326 2915 1449 2965 quod
1466 2927 1523 2954 ex
1544 2916 1687 2956 claris

50 2982 95 3017 et
113 2979 342 3019 nobilibus
362 2979 639 3021 Parentibus
660 2981 829 3022 ducitis
850 2982 1095 3034 originem,
1119 2990 1164 3024 et
1184 2995 1277 3035 qua
1297 2985 1463 3036 peritia
1485 2992 1529 3026 et
1550 2986 1684 3026 disci-

50 3047 175 3098 plina
197 3050 265 3089 rei
285 3050 521 3101 militaris,
554 3057 598 3091 et
619 3063 760 3102 quam
779 3052 962 3093 fortiter
983 3059 1028 3093 et
1048 3060 1235 3094 strenue
1266 3056 1527 3095 servivistis
1551 3057 1685 3097 nobis
