2063 3283
687 227 916 264 APPENDIX
944 224 1130 271 QUARTA
1657 220 1722 258 311

90 325 378 379 supradictis
399 330 443 364 et
466 324 511 363 in
533 323 656 362 dicto
679 322 986 362 instrumento
1009 319 1252 359 contentis.
1274 318 1443 370 Quare,
1466 322 1606 369 pacto
1627 328 1726 368 spe-

88 397 224 447 ciali,
260 395 455 436 solemni
484 393 782 445 stipulatione
811 392 1164 441 interveniente,
1195 389 1413 441 promitto
1442 387 1575 428 vobis
1602 387 1726 427 dicto

90 467 344 509 radmodum
364 466 536 506 Illustri
558 465 665 504 duci
682 463 788 504 Don
804 463 1059 503 Francisco
1077 462 1132 502 de
1148 460 1287 511 Borja
1308 460 1435 500 Patri
1453 471 1507 499 ac
1524 458 1726 499 Domino

89 551 197 580 ‘meo
220 537 403 578 absenti
419 542 658 587 tamquam
678 535 898 586 presenti,
919 533 1102 573 notario
1124 538 1280 572 tamcn
1297 531 1595 582 infrascripto
1612 535 1724 569 tam—

94 621 235 662 quam
261 608 445 660 publica
472 613 515 647 et
538 605 802 646 authentica
836 616 1036 656 persona
1058 616 1142 655 pro
1171 603 1305 643 Vobis
1326 608 1370 642 et
1398 601 1612 642 omnibus
1638 600 1726 640 illis

96 680 262 733 quibus
282 680 474 719 interest
496 677 705 717 intererit
722 682 800 716 aut
821 676 1046 716 interesse
1062 680 1214 726 potest
1230 675 1305 713 vcl
1327 673 1498 725 poterit
1520 671 1726 722 legitime

98 751 350 803 stipulante
373 755 418 789 et
438 753 712 799 acceptante
734 753 778 787 et
801 747 971 786 vestris
990 746 1112 797 quod
1125 746 1367 785 exsolvam
1389 755 1549 783 omnes
1571 748 1615 783 et
1636 742 1724 781 sin-

86 823 230 873 gulas
256 820 451 872 pecunie
487 819 770 870 quantitates
798 817 1011 857 omnibus
1037 822 1083 856 et
1116 816 1311 867 singulis
1337 814 1551 866 personis
1586 819 1725 865 atque

93 893 231 933 modo
254 898 298 932 et
314 891 466 931 forma
482 890 528 929 in
546 890 669 929 dicto
686 888 993 928 instrumento
1011 886 1377 927 renunciationis
1395 891 1439 925 et
1460 885 1725 925 donationis

92 964 152 1004 ad
182 962 303 1015 quod
332 974 418 1002 nos
445 960 688 1001 referimus
721 959 952 999 contentis
979 964 1023 998 et
1057 958 1357 1009 expressatis.
1396 956 1549 1007 Atque
1584 956 1725 995 etiam

92 1034 265 1074 faciam
287 1039 330 1073 et
347 1032 608 1083 adimplebo
627 1031 783 1070 omnia
801 1030 892 1070 alia
908 1036 952 1069 et
968 1029 1154 1080 singula
1170 1028 1216 1067 in
1234 1027 1396 1067 eodem
1414 1028 1722 1066 instrumento

94 1110 313 1146 contenta
335 1103 505 1154 adsque
527 1102 796 1142 Dominatio
818 1106 978 1140 vestra
1004 1111 1078 1139 me
1105 1099 1204 1139 vult
1231 1098 1379 1138 teneri
1400 1104 1444 1137 ct
1471 1097 1725 1137 obnoxium

92 1177 192 1217 sive
221 1175 479 1225 obligatum
507 1185 608 1213 csse
630 1174 695 1213 ita
723 1178 766 1212 et
794 1171 1188 1223 quemadmodum
1222 1168 1393 1209 ibidem
1428 1169 1724 1220 explicantur
1775 1171 1777 1173 ’

93 1249 193 1288 sive
213 1251 481 1287 narrantur.
501 1245 620 1285 Nam
642 1256 747 1284 cum
766 1242 988 1295 predictis
1006 1232 1225 1282 oneribus
1241 1242 1349 1281 volo
1368 1240 1541 1280 dictam
1557 1251 1720 1279 renun-

95 1318 344 1359 ciationem
365 1317 464 1356 sive
487 1315 787 1356 donationem
808 1326 835 1354 a
856 1326 929 1354 me
949 1313 1092 1353 fuisse
1113 1318 1158 1352 et
1179 1324 1281 1352 esse
1299 1317 1614 1362 acceptatam3
1637 1322 1722 1362 pro

92 1390 259 1441 quibus
288 1387 500 1428 omnibus
534 1393 578 1427 et
605 1386 801 1437 singulis
832 1386 962 1436 ratis,
999 1384 1163 1436 gratis,
1202 1382 1371 1424 validis
1407 1388 1543 1433 atque
1577 1381 1723 1422 firmis

94 1472 276 1512 semper
296 1459 537 1510 habendis,
567 1458 780 1498 tenendis
802 1463 845 1498 et
872 1456 1204 1497 inviolabiliter
1232 1454 1537 1495 observandis
1567 1453 1722 1503 obligo

93 1532 228 1572 vobis
247 1537 291 1571 et
306 1531 478 1571 vestris
500 1530 656 1570 omnia
677 1535 722 1569 et
739 1528 925 1579 singula
941 1528 1063 1568 bona
1091 1532 1135 1567 et
1155 1526 1261 1578 J'ura
1285 1537 1389 1565 mea
1414 1525 1652 1565 inmobilia
1670 1528 1719 1565 ἃ.

97 1603 269 1643 Actum
290 1608 359 1642 est
379 1601 468 1641 hoc
489 1600 670 1641 Gandie
691 1602 740 1640 ἃ.

174 1674 336 1714 Testes
370 1672 507 1724 hujus
544 1673 613 1712 rei
646 1677 752 1712 sunt
786 1671 1090 1712 Reverendus
1130 1675 1175 1710 et
1208 1668 1486 1720 magnificus
1520 1667 1723 1708 Onofrus

94 1744 319 1784 Martinez
335 1744 597 1796 presbyter,
616 1743 653 1782 F
658 1743 901 1783 ranciscus
916 1741 1186 1782 Ludovicus
1198 1740 1395 1780 Novella
1412 1739 1543 1779 miles
1561 1744 1605 1778 et
1620 1750 1722 1789 pro-

93 1821 283 1856 curator
303 1815 538 1866 generalis
560 1814 758 1854 ducatus
780 1813 976 1864 Gandie,
1006 1812 1290 1853 Franciscus
1316 1811 1544 1851 Barreras
1565 1810 1721 1850 Domi-

88 1887 254 1937 ceHus,
292 1892 335 1926 et
370 1886 571 1926 Michael
610 1885 926 1936 Hieronymus
955 1884 1186 1935 Berbegal
1219 1883 1319 1923 fisci
1354 1882 1628 1932 advocatus,
1666 1881 1721 1920 de

86 1957 227 1998 domo
251 1957 361 1997 dicti
383 1957 572 1997 Domini
598 1956 904 2007 Marchionis‚
931 1954 1230 2006 ejusdemque
1257 1953 1365 1994 ville
1386 1951 1567 1993 Gandie
1594 1951 1721 1991 habi—

88 2034 264 2069 tsttOI‘CS
273 2059 280 2066 .

275 2226 473 2263 VERSIoN
496 2235 801 2264 CASTELLANA
820 2235 913 2263 DEL
933 2232 1208 2262 DOCUMENTO
1229 2231 1532 2260 PRECEDENTE

171 2382 285 2423 “Dia
305 2382 358 2422 24
379 2382 435 2422 de
457 2383 619 2423 dichos
641 2394 739 2422 mes
761 2395 792 2434 y
814 2385 919 2422 ano.
943 2381 1013 2421 En
1034 2381 1075 2420 el
1095 2380 1289 2421 nombre
1316 2380 1372 2420 de
1401 2379 1555 2420 Cristo
1581 2380 1717 2433 Jesus

80 2457 112 2493 e
129 2454 360 2494 invocada
382 2465 435 2494 su
454 2453 613 2494 divina
633 2464 691 2505 gi
695 2453 812 2493 acia.
837 2452 1004 2493 Amen.

165 2524 254 2566 Sea
274 2525 456 2565 notorio
478 2528 505 2564 a
522 2525 660 2565 todos
682 2536 770 2576 que
789 2536 851 2576 yo
872 2523 979 2565 Don
999 2524 1163 2565 Carlos
1184 2523 1239 2564 de
1260 2521 1400 2574 Borja
1421 2522 1641 2574 Marques
1661 2523 1717 2563 de

83 2595 130 2635 la
150 2595 276 2636 Villa
293 2596 349 2637 de
370 2596 582 2647 Lombay
604 2595 883 2636 atendiendo
899 2608 931 2647 y
952 2594 1293 2635 considerando
1314 2605 1403 2646 que
1423 2593 1523 2634 Vos
1543 2593 1715 2633 Ilustri-

75 2666 201 2706 ‘simo
222 2665 368 2707 Senor
389 2666 497 2706 Don
516 2666 770 2707 Francisco
792 2666 848 2706 de
867 2664 1008 2717 Borja
1034 2665 1201 2717 Duque
1222 2665 1278 2705 de
1300 2663 1485 2705 Gandia
1514 2663 1665 2704 Padre
1686 2676 1716 2715 y

82 2735 234 2777 Sefior
255 2739 347 2777 mio
376 2737 794 2788 observandisimo,
818 2737 1129 2788 queriendoos
1155 2736 1326 2777 retirar
1352 2749 1384 2787 y
1405 2734 1650 2775 dedicaros
1672 2735 1715 2773 al

81 2808 209 2847 culto
232 2808 288 2848 de
308 2808 423 2848 Dios
443 2820 474 2859 y
496 2819 552 2848 su
573 2807 774 2848 servicio
795 2819 881 2860 por
903 2808 944 2848 el
964 2808 1154 2858 ingreso
1177 2818 1235 2847 en
1254 2807 1299 2847 la
1322 2806 1466 2847 orden
1486 2805 1542 2845 de
1563 2806 1608 2845 la
1628 2805 1711 2845 Re-

85 2877 229 2928 ligion
248 2878 443 2919 titulada
462 2880 508 2919 la
539 2879 797 2931 Compafiia
824 2878 897 2919 del
917 2877 1066 2919 Senot·
1091 2878 1226 2932 Jesus
1257 2889 1345 2918 con
1371 2877 1680 2917 instrumento
1702 2874 1711 2894 ¹

138 3035 149 3055 ¹
188 3035 214 3064 Ο
229 3037 405 3065 escritura.
