2063 3283
306 237 375 274 176
685 235 920 273 BonomNA
945 245 1128 272 FAmmA
1154 234 1297 273 Rssom
1326 235 1571 274 VALENTINl

301 332 411 374 eccl.
449 330 737 381 Setabenst's‚
772 341 863 381 qna
892 333 1008 381 post
1042 330 1226 370 brevem
1258 330 1586 372 calamitatum
1612 332 1696 372 sui
1716 335 1947 385 temporis

304 402 691 454 descriptionem,
720 406 933 453 nepotem
957 412 1100 441 suum
1131 402 1420 443 Roderz‘cum
1451 404 1506 444 de
1533 404 1726 455 Borgia
1746 405 1797 444 in
1817 405 1948 456 ejus-

302 476 407 514 dem
428 473 648 514 ecclesiae
662 476 1025 524 praecentorem
1047 472 1244 514 electum
1264 473 1461 515 indicat.

384 545 457 585 Ex
478 550 664 594 autogr.
688 543 734 584 in
757 544 887 584 arch.
912 543 1058 596 ejusd.
1083 545 1198 585 eccl.

386 615 747 656 Venerabilibus
775 615 891 655 viris
928 615 1107 655 decano
1142 622 1187 656 et
1222 615 1427 666 capitulo
1459 623 1649 657 nostrae
1671 618 1951 670 collegiatae

303 687 533 728 ecclesiae
553 686 773 738 Xativae,
798 687 964 727 amicis
984 687 1160 728 nostris
1181 687 1489 740 charissimis,
1508 688 1566 729 A.
1587 689 1841 730 cardinalis
1857 690 1949 731 Va—

306 758 524 799 lentinus.

387 829 698 871 Venerabiles
734 831 848 882 viri,
886 831 1025 871 amici
1060 831 1354 872 charissimi:
1391 831 1518 872 facta
1554 832 1807 873 concordia
1846 845 1951 874 cum

306 901 440 952 regia
460 901 706 954 majestate
729 914 867 954 super
889 902 1064 944 nostris
1091 902 1471 943 tribulationibus
1497 915 1580 954 per
1608 904 1734 944 viam
1757 905 1951 945 subsidii

303 973 557 1023 generalis,
578 974 731 1025 magis
753 981 824 1014 est
845 974 1071 1025 divinum,
1095 985 1237 1025 quam
1257 973 1515 1014 humanum
1534 986 1621 1014 nos
1637 975 1822 1027 vivere3
1847 982 1892 1016 et
1913 977 1952 1017 si

307 1044 520 1085 homines
541 1051 744 1097 taceant,
768 1046 948 1097 lapides
969 1046 1174 1087 sentiunt
1195 1046 1425 1098 martyria
1441 1054 1606 1087 nostra
1626 1058 1712 1098 pro
1734 1047 1837 1098 ipsa
1858 1047 1951 1088 dio—

306 1116 402 1156 cesi
432 1123 477 1157 et
505 1117 610 1157 aliis
641 1118 867 1158 ecclesiis.
901 1117 1220 1169 Mittimusque
1255 1117 1464 1158 omnium
1500 1119 1849 1160 revocatoriam
1883 1131 1949 1159 re-

306 1187 449 1239 giam,
471 1194 517 1229 et
538 1189 679 1229 etiam
700 1190 866 1240 bullas,
891 1195 936 1229 et
956 1201 1210 1241 processus
1231 1189 1533 1241 apostolicos,
1559 1201 1618 1229 ex
1641 1190 1807 1241 quibus
1823 1190 1949 1231 vide-

308 1258 413 1299 bitis
434 1267 653 1312 nepotem
674 1267 889 1301 nostrum
909 1260 1195 1301 Rodericum
1215 1261 1271 1301 de
1292 1261 1482 1312 Borgia,
1509 1261 1772 1311 sacristam,
1795 1262 1947 1314 provi-

305 1341 411 1371 sum
443 1331 544 1372 fore
568 1332 624 1373 de
653 1333 936 1373 canonicatu
963 1339 1007 1373 et
1036 1333 1366 1384 praecentoria
1394 1333 1540 1384 ipsius
1566 1333 1794 1373 ecclesiae
1816 1334 1950 1374 colle—

307 1402 481 1454 giatae3
508 1409 559 1444 ut
587 1404 703 1444 duos
730 1410 942 1456 nepoteS,
972 1404 1114 1445 immo
1140 1404 1274 1455 filios,
1303 1404 1477 1445 matrix
1507 1405 1607 1456 ipsa
1639 1405 1852 1456 ecclesia,
1873 1405 1949 1446 ubi

308 1474 528 1526 pabulum
544 1476 840 1527 baptismatis
857 1476 1163 1528 suscepimus,
1183 1476 1326 1516 etiam
1340 1482 1447 1528 post
1465 1476 1642 1517 obitum
1658 1483 1874 1517 nostrum
1888 1483 1951 1518 te-

307 1551 463 1598 neant,
501 1546 689 1587 Christo
725 1548 886 1598 dante;
923 1553 968 1588 et
998 1559 1098 1599 nos,
1137 1554 1181 1588 et
1216 1547 1320 1599 ipsi,
1360 1548 1708 1599 opportunitate
1744 1554 1948 1600 captata.

307 1619 558 1659 ecclesiam
578 1619 730 1671 ipsam
750 1620 1042 1659 extollemus.
1072 1619 1131 1659 Et
1157 1619 1196 1659 si
1222 1619 1494 1670 malignitas
1522 1624 1801 1671 temporum,
1832 1631 1953 1672 quae

307 1689 390 1730 vix
410 1691 680 1731 necessaria
701 1691 852 1742 nobis,
878 1697 922 1731 et
939 1690 1041 1731 aliis
1064 1690 1267 1742 dimittit,
1290 1703 1383 1731 non
1405 1691 1748 1742 impedivisset,
1774 1690 1949 1731 deside-

310 1761 430 1801 rium
450 1761 640 1802 fervens
660 1769 745 1803 est.
770 1762 821 1802 In
843 1762 1126 1802 admissione
1148 1761 1260 1802 dicti
1275 1762 1458 1814 nepotis
1474 1762 1639 1813 nostri,
1659 1768 1704 1802 et
1722 1762 1825 1802 aliis
1848 1774 1950 1814 ope-

308 1833 477 1874 remini
497 1840 547 1874 ut
570 1833 626 1874 de
647 1834 782 1874 vobis
802 1834 996 1875 firmiter
1018 1833 1309 1874 confidimus.
1334 1833 1606 1875 Gaudemus
1634 1833 1758 1885 quod
1780 1846 1863 1886 per
1885 1834 1949 1874 vi-

306 1905 489 1945 carium
510 1912 724 1946 nostrum
744 1906 1026 1957 magistrum
1047 1906 1145 1946 Bou
1174 1905 1345 1946 avisati
1375 1917 1536 1946 sumus
1557 1905 1613 1945 de
1643 1906 1769 1945 cultu
1791 1904 1952 1945 divino

309 1982 353 2016 et
373 1976 709 2018 reformatione
730 1989 930 2027 morum,
949 1977 1149 2028 silentio,
1173 1982 1218 2017 et
1239 1976 1500 2025 honestate,
1520 1976 1772 2017 eliminatis
1789 1988 1950 2028 pecca-

309 2048 367 2088 tis
386 2048 600 2100 publiciS‚
626 2061 681 2089 ac
699 2049 1013 2089 concubinatu
1029 2055 1074 2089 et
1095 2049 1202 2089 de...
1226 2049 1350 2089 bona
1366 2049 1607 2088 voluntate
1629 2059 1685 2088 ac
1706 2048 1954 2099 prudentia

309 2120 457 2160 nostri
484 2119 709 2161 officialis.
738 2120 930 2161 Placeat
965 2121 1241 2161 continuare
1275 2120 1331 2161 de
1358 2120 1481 2160 bono
1513 2120 1560 2160 in
1586 2119 1766 2160 melius.
1798 2119 1952 2160 Unum

311 2203 402 2232 non
424 2192 711 2232 obmittimus
738 2193 863 2244 quod
883 2204 966 2244 per
992 2192 1175 2233 litteras
1201 2191 1314 2233 dicti
1339 2192 1507 2232 vicarii
1534 2191 1682 2232 nostri
1710 2191 1951 2241 sentimus,

309 2264 434 2315 quod
455 2270 500 2304 et
521 2264 561 2303 si
581 2265 842 2316 cappellam
869 2264 1105 2304 ereximus
1134 2269 1461 2315 sumptuosam
1481 2275 1672 2315 saepe...
1698 2269 1743 2303 et
1764 2262 1951 2303 creden-

312 2342 380 2375 tes
408 2336 703 2387 complacere
730 2336 865 2376 vobis
894 2336 1157 2376 dicentibus
1187 2347 1351 2376 carere
1379 2335 1517 2374 domo
1546 2346 1632 2386 pro
1663 2334 1886 2386 capitulo;
1908 2341 1953 2373 et

312 2407 400 2446 hac
422 2407 478 2447 de
501 2418 645 2447 causa
666 2408 770 2459 plus
791 2407 945 2447 debito
967 2406 1290 2458 expendimus;
1314 2406 1439 2458 quod
1457 2405 1554 2458 jam
1576 2406 1742 2446 tenetis
1764 2405 1952 2446 domum

311 2488 396 2528 pro
432 2478 637 2529 capitulo
673 2478 1119 2528 convenientiorem;
1157 2483 1201 2517 et
1232 2477 1272 2517 si
1306 2477 1373 2517 sic
1405 2476 1485 2517 fiat
1520 2477 1741 2517 voluntas
1774 2481 1950 2526 vestra,

310 2560 452 2600 quam
472 2549 593 2589 scire
615 2549 938 2589 desideramus
958 2560 1098 2601 super
1128 2549 1235 2588 hoc.
1265 2547 1386 2589 Nam
1415 2560 1500 2600 pro
1530 2548 1664 2588 nobis
1692 2547 1805 2588 facit
1831 2546 1952 2599 quod

310 2619 437 2660 dicta
464 2621 646 2672 capella
680 2621 738 2661 sit
766 2620 911 2660 libera
942 2631 969 2659 a
997 2620 1198 2660 tenendo
1232 2619 1294 2660 ibi
1323 2619 1543 2671 capitulo.
1578 2617 1698 2670 Sepe
1725 2618 1954 2669 contingit

314 2692 547 2732 verificari
574 2692 707 2732 illud:
731 2691 964 2743 Displicet
985 2691 1265 2742 imprudens
1293 2691 1482 2742 quando
1504 2690 1697 2742 placere
1718 2693 1886 2741 putat,·
1905 2695 1955 2729 ut

310 2764 452 2804 latius
479 2763 721 2816 praefatus
747 2763 956 2804 vicarius
982 2769 1144 2803 noster
1171 2762 1410 2802 enarrabit
1432 2769 1603 2802 cetera.
1628 2762 1685 2802 Et
1707 2766 1955 2802 conservet

312 2847 398 2876 vos
432 2835 562 2876 Deus
588 2835 799 2875 feliciter.
839 2834 1027 2875 Romae·
1046 2834 1272 2874 vicesima
1300 2834 1529 2886 Januarii.
1563 2833 1620 2874 Et
1646 2832 1955 2873 recomissum

312 2918 400 2947 nos
433 2906 634 2947 facimus
665 2906 847 2946 devotis
877 2905 1169 2946 orationibus
1204 2905 1391 2956 vestris,
1425 2911 1469 2944 et
1504 2904 1646 2944 totius
1680 2904 1809 2955 cleri3
1844 2915 1953 2943 nam

311 2979 430 3019 bene
452 2984 672 3018 tenentur
694 2988 833 3017 orare
849 2988 934 3028 pro
955 2976 1106 3017 nobis.

401 3050 473 3091 De
521 3055 620 3089 esta
667 3055 798 3089 carta
847 3047 950 3088 dice
997 3048 1314 3088 VILLANUEVA
1362 3059 1420 3088 en
1465 3059 1516 3087 su
1570 3045 1699 3097 Vz'aje
1736 3038 1953 3085 literaria
