1969 3293
199 108 269 145 650
747 108 790 145 S.
819 107 853 144 F
857 118 1092 162 RANciscth
1118 108 1291 147 BoafflA

199 216 286 244 nos
307 211 351 244 et
372 205 531 244 sedem
552 204 880 256 Apostolicam
907 204 1196 255 singularem
1227 204 1491 245 devotionis
1523 206 1758 256 affectum,
1794 214 1839 248 et

200 275 306 315 fidei
340 275 676 323 constantiam,
709 275 1009 315 subventioni
1042 275 1180 316 unius
1214 288 1273 316 ex
1306 276 1412 316 filiis
1451 277 1696 327 praefatis,
1741 278 1833 330 qui,

201 346 311 386 dicti
331 346 550 399 Joannis,
575 358 634 386 ex
654 345 802 386 fratre
829 352 1047 397 paterno,
1081 353 1364 398 pronepotes
1392 348 1621 398 existunt,
1651 348 1836 389 favora-

201 417 353 456 biliter
388 417 679 468 prospicere,
717 425 761 457 et
797 417 853 457 de
894 417 1051 468 aliquo
1086 417 1295 458 subsidio
1329 419 1579 470 providere
1612 420 1838 471 volentes,

202 494 333 527 motu
354 488 544 539 proprio
567 493 611 527 et
633 500 692 527 ex
713 494 842 528 certa
865 494 1026 528 nostra
1049 488 1268 539 scientia,
1294 500 1349 529 ac
1371 489 1427 529 de
1454 490 1741 541 apostolicae
1760 502 1838 542 po-

202 558 387 598 tcstatis
418 559 726 610 plenitudine,
765 559 1046 599 auctoritate
1080 558 1390 611 Apostolica‚
1429 566 1589 601 tenore
1623 573 1840 612 praesen-

201 631 338 681 tium,
372 631 472 670 sine
506 630 795 682 praejudicio
825 631 1287 681 consanguineorum
1317 632 1656 683 proximiorum
1685 644 1841 674 succe-

203 700 410 741 dentium
431 701 489 741 ab
506 701 746 752 intestato,
766 701 988 742 dilectum
1003 701 1147 742 filium
1163 702 1394 755 Joannem
1412 715 1437 742 a
1452 703 1619 754 borgia
1635 704 1842 744 secundo

203 772 414 823 genitum
435 778 587 824 tuum,
611 774 687 812 vel
709 773 852 813 alium
873 784 932 812 ex
960 773 1054 813 tuis
1081 772 1187 813 filiis
1217 773 1444 825 praefatis
1471 774 1549 825 qui
1578 775 1626 814 in
1656 774 1844 815 Ducatu

206 843 419 884 Gandiae
441 849 485 884 et
507 843 786 895 majoricatu
806 844 898 884 tuis
918 855 1014 883 non
1035 845 1317 884 successerit
1344 851 1389 885 et
1410 857 1549 897 quem
1577 851 1626 886 tu
1653 846 1846 887 duxeris

205 915 567 965 nominandum,
592 916 695 955 loco
716 927 1000 966 pauperum,
1025 926 1108 955 seu
1133 915 1317 967 piorum
1346 927 1538 967 usuum,
1573 923 1653 957 aut
1683 929 1845 957 causa-

206 998 309 1027 rum
330 986 598 1027 huiusmodi
628 997 711 1027 seu
743 987 942 1027 aliorum
969 986 1155 1038 piorum
1183 987 1417 1038 locorum,
1448 988 1550 1039 qui,
1578 987 1712 1039 juxta
1739 1000 1845 1029 con-

206 1058 472 1098 stitutiones
493 1057 781 1109 hujusmodi,
805 1058 852 1098 in
872 1058 1006 1098 bonis
1027 1058 1283 1109 praedictis
1299 1059 1574 1109 succedere,
1603 1059 1704 1100 sive
1727 1059 1846 1100 inter

206 1141 285 1169 eos
307 1129 521 1170 distribui
543 1129 766 1169 deberent
787 1129 942 1181 quoad
965 1130 1122 1169 omnia
1143 1135 1187 1169 et
1209 1129 1394 1181 singula
1412 1130 1604 1170 mobilia
1621 1137 1666 1171 et
1685 1131 1845 1171 immo-

205 1201 336 1251 bilia,
362 1212 416 1241 ac
439 1212 488 1241 se
509 1201 748 1241 moventia
770 1201 914 1251 bona,
938 1213 1033 1241 non
1054 1206 1212 1241 tamen
1232 1201 1279 1241 in
1297 1201 1426 1241 Vrbe
1442 1201 1613 1252 Roma,
1634 1203 1848 1242 valorem

207 1273 391 1324 Viginti
413 1273 615 1324 quinque
638 1273 835 1312 millium
856 1272 1135 1313 ducatorum
1157 1273 1261 1313 auri
1291 1273 1347 1313 de
1371 1272 1570 1313 Camera
1593 1285 1686 1314 non
1715 1286 1848 1314 exce-

211 1344 394 1395 dentia,
418 1344 465 1384 in
487 1344 690 1384 Civitate
712 1350 756 1384 et
778 1343 903 1384 dicto
931 1343 1096 1395 Regno
1126 1344 1375 1384 Valentiae
1405 1345 1733 1396 consistentia,
1762 1357 1848 1386 nec

208 1427 301 1455 non
323 1415 466 1456 etiam
486 1427 569 1467 per
590 1427 820 1467 personas
841 1415 955 1456 dicti
976 1415 1148 1466 Regni,
1172 1415 1313 1455 etiam
1342 1422 1476 1455 extra
1506 1415 1617 1456 illud
1647 1416 1845 1457 existen-

209 1494 300 1537 tes,
325 1487 476 1527 eidem
496 1486 667 1539 Joanni
689 1486 929 1538 defuncto,
954 1486 1066 1527 dum
1084 1487 1290 1535 viveret,
1315 1486 1491 1537 debita,
1517 1494 1561 1527 et
1582 1499 1665 1539 per
1694 1488 1847 1539 ipsum

210 1559 373 1598 relicta
391 1590 398 1609 ,
422 1558 607 1598 etiamsi
627 1558 705 1598 illa
727 1558 787 1598 ad
807 1557 904 1598 Nos
925 1564 970 1598 et
997 1557 1246 1599 Cameram
1268 1558 1579 1610 apostolicam
1600 1559 1851 1611 quomodo-

210 1630 320 1669 libet
355 1635 400 1669 et
436 1641 495 1669 ex
529 1630 698 1681 quavis
733 1641 879 1670 causa
914 1630 1203 1682 pertineant,
1244 1641 1327 1670 seu
1371 1630 1592 1670 devoluta
1629 1631 1850 1681 existant,

209 1712 533 1752 quaecumque
554 1707 599 1741 et
620 1701 963 1753 qualiacunque
986 1701 1100 1752 sint,
1124 1707 1168 1742 et
1189 1713 1332 1753 penes
1349 1712 1694 1753 quoscumque,
1718 1714 1851 1754 prae-

207 1779 423 1824 terquam
444 1773 491 1813 in
513 1772 638 1813 dicta
659 1772 810 1823 Vrbe,
835 1772 1153 1824 reperiantur,
1178 1784 1375 1824 quorum
1406 1773 1613 1824 ipsorum
1640 1774 1852 1814 locorum

208 1844 480 1895 qualitateS,
504 1844 815 1895 quantitates,
840 1844 1265 1895 denominationes,
1290 1856 1465 1884 annum
1500 1844 1524 1893 ¹,
1550 1845 1779 1895 valorem,
1801 1852 1847 1886 et

207 1927 477 1966 numerum,
508 1927 564 1956 ac
592 1916 804 1966 nomina,
836 1921 881 1956 et
907 1916 1191 1967 cognomina
1218 1916 1405 1956 illorum
1435 1927 1577 1968 penes
1610 1928 1728 1968 quos
1760 1917 1853 1957 exi-

209 1993 356 2037 stunt,
381 1999 437 2027 ac
459 1987 845 2027 constitutionum
867 1993 912 2027 et
933 1987 1230 2027 sanctionum
1251 1998 1331 2027 seu
1354 1988 1512 2037 legum
1528 1987 1851 2039 praefatarum

210 2059 422 2098 veriores
444 2065 649 2109 tenores,
674 2069 729 2098 ac
752 2058 792 2098 si
813 2058 869 2098 de
889 2058 1036 2098 verbo
1057 2057 1117 2098 ad
1142 2058 1340 2098 verbum
1368 2059 1686 2099 insererentur
1719 2070 1853 2111 prae-

213 2130 446 2180 sentibus,
471 2129 634 2170 haberi
655 2129 873 2170 volumus
894 2141 980 2181 pro
1001 2130 1262 2181 expressiS‚
1287 2130 1611 2170 substituimus
1632 2136 1676 2170 et
1697 2141 1852 2170 surro-

215 2212 403 2252 gamus,
428 2201 599 2253 illaque
620 2200 707 2241 sibi
728 2212 837 2241 cum
859 2201 1088 2251 omnium,
1118 2206 1162 2240 et
1192 2201 1487 2251 singulorum
1517 2207 1614 2241 tam
1640 2201 1855 2241 substan-

217 2272 418 2322 tialium,
442 2284 583 2324 quam
601 2271 985 2322 accidentalium,
1011 2283 1067 2313 ac
1088 2271 1440 2323 insinuationiS,
1471 2277 1516 2312 et
1546 2283 1855 2324 quarumcun-

216 2354 304 2394 que
327 2344 526 2383 aliarum
547 2344 918 2394 solemnitatum,
943 2349 988 2383 et
1009 2343 1365 2394 auctoritatum,
1391 2349 1470 2383 aut
1492 2343 1792 2384 decretorum
1810 2343 1857 2383 in

217 2415 489 2465 praemissis
510 2415 566 2455 de
583 2414 710 2466 J'ure,
737 2413 1075 2455 consuetudine
1089 2447 1098 2465 ,
1121 2415 1197 2455 vel
1219 2415 1337 2455 alias
1354 2415 1700 2466 quomodolibet
1719 2415 1860 2455 inter-

220 2486 381 2526 venire
411 2485 694 2535 debentium,
726 2497 782 2526 ac
808 2486 1008 2526 aliorum
1038 2485 1201 2526 forsan
1232 2484 1462 2537 majorum
1493 2485 1626 2537 juris,
1663 2490 1708 2526 et
1740 2485 1855 2526 facti

218 2556 483 2597 defectuum
504 2558 819 2610 suppletione,
843 2569 929 2609 pro
951 2569 1021 2608 se,
1044 2557 1260 2609 illiusque
1281 2556 1584 2608 haeredibus,
1610 2562 1654 2597 et
1675 2568 1858 2597 succes-

219 2628 403 2668 soribus
424 2629 814 2681 quibuscumque,
839 2634 1064 2680 perpetuo
1085 2628 1225 2669 dona1
1245 2640 1337 2680 lus,
1362 2627 1665 2669 concedimus
1685 2634 1731 2669 et
1749 2628 1864 2668 assi-

220 2709 442 2750 gnamus,
468 2712 524 2740 ac
546 2701 796 2740 donatione
819 2707 863 2740 et
892 2700 1197 2740 concessione
1224 2699 1464 2751 perpetuis
1495 2711 1550 2739 ac
1579 2699 1845 2740 irrevocabi

279 2930 290 2950 ¹
329 2930 394 2964 Sic;
413 2931 527 2958 forsan
543 2933 670 2959 rectius
686 2940 846 2959 annuum
864 2933 1033 2960 valorem.
