1969 3293
223 146 294 183 750
765 145 810 183 S.
840 143 1112 184 FRA'Nciscus
1140 118 1312 185 BonolA

690 477 1063 520 ALEXANDRI
1093 480 1159 520 VI
1189 479 1349 521 PAPE

271 622 370 649 Bulla
386 629 453 656 qua
464 621 623 649 Ecclesia
637 621 847 656 parochialis
859 622 1055 656 gandiensis
1070 622 1102 649 in
1118 623 1333 656 collegialem
1350 623 1506 657 erigitur,
1523 624 1661 658 ejusque
1676 625 1811 658 patroni

799 669 953 697 Gandiae
967 669 1080 697 Duces
1093 674 1253 698 creantur
1267 670 1290 698 ¹.

220 884 324 924 Hoc
371 891 441 924 est
489 886 771 925 translatum
815 885 932 925 bene
979 889 1022 924 et
1066 883 1263 924 fideliter
1312 884 1489 924 factum
1526 883 1739 925 Gandiae
1779 885 1862 924 sub

275 955 348 996 die
369 955 462 996 XX
481 956 656 996 mensis
676 956 881 1007 Augusti
902 956 1041 996 Anno
1063 956 1163 996 nati
1183 955 1292 996 Dni.
1322 956 1408 996 M.0
1439 955 1524 996 D.0
1550 955 1699 1008 xxvij.
1733 955 1862 997 Sum-

276 1032 408 1078 ptum
428 1027 625 1067 fideliter
647 1033 740 1079 atq.
764 1027 972 1068 veridice
995 1040 1021 1067 a
1043 1027 1322 1079 quibusdam
1345 1026 1473 1079 ap.cis
1500 1027 1596 1068 lris.
1620 1038 1863 1079 pergame-

274 1110 335 1138 na
355 1098 459 1138 fora
482 1099 732 1150 confectis,
756 1111 840 1150 per
871 1097 979 1139 Sym-1
1000 1097 1058 1139 D.
1083 1099 1406 1139 Alexandrum
1422 1110 1498 1150 pp.
1522 1105 1706 1138 sextum
1724 1110 1864 1150 super

273 1170 510 1210 erectione
536 1170 739 1211 Eccliae.
770 1171 935 1210 beatae
957 1170 1064 1211 ΜΞιθ
1092 1170 1252 1221 oppidi
1280 1169 1492 1210 Gandiae
1521 1170 1782 1218 concessiS,
1807 1172 1865 1210 cu

274 1242 462 1292 plumbo
485 1248 529 1282 et
547 1241 768 1282 Cordono
786 1242 917 1282 rubei
934 1242 1137 1294 crocciq.
1157 1242 1320 1282 colori]
1336 1241 1631 1293 impendente
1652 1241 1859 1291 munitis,

275 1325 451 1365 moreq.
476 1312 609 1354 Rom.
636 1313 807 1354 Curiae
828 1313 1058 1366 expeditis
1080 1345 1087 1365 ,
1111 1325 1204 1353 non
1226 1313 1413 1353 viciatis
1435 1345 1442 1363 ,
1467 1324 1552 1352 nec
1575 1312 1862 1362 cancellatis,

274 1397 360 1425 nec
390 1385 437 1424 in
465 1385 620 1437 aliqua
650 1385 723 1425 sui
749 1391 882 1437 parte
913 1385 1166 1437 suspectis,
1199 1385 1281 1425 sed
1309 1384 1435 1425 omni
1464 1395 1657 1436 prorsus
1683 1383 1797 1424 vitio
1822 1389 1866 1423 et

274 1456 532 1508 suspitione
554 1457 839 1497 carentibus.
865 1456 973 1496 Dat.
999 1456 1178 1496 Romae
1199 1455 1324 1507 apud
1355 1454 1479 1496 stum
1506 1455 1698 1495 Petrum
1727 1455 1866 1495 Anno

276 1527 622 1568 Incarnationis
657 1528 839 1568 dnicae.
876 1527 962 1567 M.0
996 1526 1378 1578 cccclxxxxviiij.
1416 1526 1614 1578 septimo
1647 1526 1740 1566 kal.
1778 1525 1866 1566 No-

276 1599 483 1639 uembris
513 1598 704 1640 Pontus.
742 1600 855 1640 dicti
889 1600 981 1639 dni.
1017 1599 1174 1651 Papae
1208 1598 1348 1639 Anno
1380 1604 1574 1639 octauo:
1606 1598 1737 1639 cuius
1771 1598 1866 1650 qui-

278 1670 383 1710 dem
412 1671 564 1711 bullae
586 1677 719 1711 tenor
742 1672 953 1723 sequitur
974 1671 1059 1711 sub
1082 1671 1156 1711 his
1175 1671 1347 1711 verbis.

222 1813 615 1855 ALEXANDER
644 1813 816 1855 EPUs.
855 1813 1095 1855 SERUUS
1132 1813 1421 1855 SERUORU
1458 1813 1564 1854 DEI
1599 1813 1676 1855 Ad
1704 1825 1866 1866 perpe-

275 1891 404 1926 tuam
426 1886 494 1926 rei
514 1886 817 1927 memoriam:
842 1887 889 1926 in
910 1898 1191 1938 suppremae
1221 1885 1464 1937 dignitatis
1491 1886 1702 1937 specula,
1731 1886 1865 1926 meri-

278 1957 336 1997 tis
364 1957 473 1997 licet
501 1957 785 2009 imparibUS‚
811 1958 970 1998 diuina
999 1958 1275 2009 disponente
1302 1956 1583 2008 Clementia,
1608 1957 1865 2008 constituti,

275 2029 335 2069 ad
357 2029 577 2069 eccliaru.
603 2030 867 2081 quamlibet
884 2030 1103 2070 decorem
1125 2035 1169 2069 et
1190 2034 1486 2069 venustatem
1508 2040 1564 2068 ac
1584 2029 1721 2069 illaru
1742 2033 1865 2069 statu

275 2101 440 2140 melius
463 2101 783 2152 dirigendum,
803 2113 931 2141 nrae.
957 2100 1268 2141 solicitudinis
1290 2100 1440 2140 aciem
1457 2100 1704 2150 diligenter
1720 2095 1865 2140 inten-

275 2171 449 2221 dimus,
471 2178 515 2212 et
542 2172 601 2212 ad
622 2185 677 2212 ea
699 2183 867 2212 manus
889 2172 1132 2224 operarias
1155 2172 1352 2212 libenter
1373 2171 1671 2222 apponimus,
1690 2182 1866 2222 perque

276 2243 366 2282 illis
388 2255 444 2283 ac
479 2243 526 2283 in
561 2243 626 2283 eis
666 2243 837 2283 diuinis
870 2243 1087 2283 laudibus
1117 2242 1440 2283 insistentibus
1468 2242 1682 2294 personis
1715 2241 1868 2282 honor

276 2321 543 2365 accrescat,
568 2315 754 2354 diuinus
786 2315 940 2355 cultus
971 2314 1211 2363 refloreat,
1244 2313 1450 2353 fidelium
1480 2313 1710 2353 excitetur
1731 2313 1865 2353 deuo-

276 2385 362 2433 tio,
394 2386 656 2438 animaruq.
689 2387 817 2426 salus
845 2386 1113 2426 desiderata
1148 2386 1308 2425 valeat
1343 2384 1617 2436 prouenire,
1647 2391 1787 2436 prout
1820 2384 1867 2425 in

275 2456 381 2496 dno.
407 2457 722 2508 conspicimus
745 2457 996 2498 salubriter
1017 2456 1254 2509 expedire.

303 2527 420 2567 Cum
442 2528 552 2579 itaq.
576 2529 892 2580 parrochialis
915 2529 1076 2569 ecclia.
1100 2529 1267 2568 beatae
1284 2527 1464 2568 Mariae
1481 2533 1635 2567 terrae
1653 2526 1867 2569 Gandiae

223 2598 463 2639 Valentin.
489 2599 626 2651 dioc.,
653 2612 772 2652 quae
794 2601 904 2640 olim
925 2606 1053 2640 certo
1075 2599 1215 2640 modo
1235 2610 1440 2650 uacans,
1464 2598 1648 2639 Dilecto
1669 2598 1762 2639 filio
1789 2611 1867 2639 no-

226 2675 322 2709 stro
339 2670 510 2722 Joanni
527 2670 540 2689 ²
558 2671 627 2711 tit.
649 2670 759 2712 §.tae
774 2671 954 2712 Mariae
972 2671 1018 2711 in
1034 2670 1378 2711 Transtiberim
1393 2670 1524 2722 pbro.
1545 2670 1685 2711 Carli.
1706 2670 1719 2688 ²
1736 2677 1858 2722 apest

280 2829 288 2848 ¹
330 2828 442 2857 Colec.
457 2832 832 2866 rom.—Apographum
848 2832 880 2859 in
896 2832 974 2859 folio
990 2831 1184 2866 sextuplici.

277 2877 290 2895 2·
328 2876 524 2905 “Giovanm'
538 2878 656 2913 Lopez
668 2900 675 2911 ,
692 2879 887 2914 Spagnuolo
902 2887 985 2914 pure
1001 2880 1033 2907 di
1057 2879 1211 2907 Valenza
1224 2899 1232 2911 ,
1246 2878 1501 2906 Abbreviatore
1527 2877 1581 2904 del
1606 2877 1715 2905 Pareo
1738 2879 1867 2907 minore

222 2928 313 2951 sotto
339 2924 432 2951 sisto
454 2925 512 2960 1V.
535 2926 578 2953 da
600 2926 800 2961 Segretario
825 2928 856 2955 di
882 2932 1001 2962 questo
1026 2927 1132 2962 Papa,
1155 2934 1259 2954 ancor
1280 2925 1463 2954 cardinale
1485 2925 1631 2959 Borgia,
1651 2932 1791 2960 passato
1814 2929 1868 2956 nel

221 2977 335 3006 tempo
351 2972 406 3000 del
426 2980 485 3000 suo
506 2973 713 3002 Pontificato
738 2983 758 3002 a
781 2975 981 3009 Segretario
1004 2975 1206 3009 Apostolico
1229 2982 1248 3002 a
1269 2974 1314 3008 25„
1330 2973 1511 3000 Dicembre
1537 2973 1617 3007 1493,
1643 2973 1813 3003 Canonico
1835 2976 1868 3004 di
