2063 3189
807 479 1182 522 TESTAMENT

962 641 1026 661 DEL

174 777 338 829 HJJ&
380 776 570 828 S.0R·D.
617 773 766 836 JOAN
806 773 888 824 DE
932 771 1160 824 BORGIA
1198 770 1363 823 DUCH
1410 770 1492 821 DE
1539 769 1766 821 GANDIA
1800 767 1810 793 ¹

228 1108 304 1135 DIE
337 1106 480 1133 XXVIII
512 1105 754 1132 FEBROARH
790 1104 909 1131 ANNO
942 1104 968 1130 A
1002 1102 1284 1130 NATIYITATE
1316 1102 1406 1128 DNI.
1440 1100 1687 1128 MDXXXVHI
1717 1101 1761 1128 IN

817 1175 958 1201 VILLA
992 1174 1167 1201 GANDIE

260 1326 293 1366 1.
353 1325 424 1365 En
447 1326 491 1364 10
515 1323 792 1364 Sanctissim
808 1334 918 1362 nom
936 1322 991 1361 de
1012 1321 1149 1374 Jesus
1166 1335 1197 1373 y
1215 1321 1270 1360 de
1290 1322 1334 1360 la
1353 1320 1683 1360 sacratissima
1700 1318 1815 1359 Ver-

173 1410 233 1447 ge
256 1397 406 1437 Maria
428 1407 557 1435 mare
579 1407 664 1434 sua
685 1394 909 1445 precipua
931 1392 1111 1433 Sefiora
1134 1392 1378 1432 aduocada
1400 1398 1563 1431 nostra
1584 1404 1615 1442 y
1637 1391 1692 1430 de
1722 1397 1817 1430 tots

173 1471 245 1508 los
268 1466 528 1519 peccadors
550 1466 725 1517 special
751 1464 918 1515 refugi.
952 1464 1049 1504 Nos
1076 1463 1167 1503 don
1195 1463 1315 1516 Joan
1346 1463 1401 1502 de
1429 1461 1561 1513 borja
1592 1461 1729 1501 Duch
1760 1461 1817 1501 de

229 1627 238 1646 ¹
279 1618 413 1660 Duplex
435 1626 524 1652 inter
547 1623 700 1652 Gandiae
726 1624 837 1651 Duces
853 1624 990 1651 obvenit
1012 1623 1258 1650 consideranda
1280 1623 1397 1651 series.
1418 1623 1505 1650 Nam
1526 1623 1682 1657 primum,
1700 1629 1815 1648 saecu—

173 1675 204 1701 lo
220 1681 289 1706 XIV,
306 1673 458 1701 Infantes
474 1681 490 1699 e
506 1673 602 1706 regia
617 1672 723 1706 stirpe
740 1671 938 1705 Aragoniae
950 1672 1038 1698 hunc
1050 1675 1188 1698 tenuere
1204 1671 1386 1698 Ducatum.
1400 1670 1523 1698 Postea
1538 1677 1622 1697 vero
1637 1670 1670 1697 in
1684 1670 1815 1703 regiam

173 1722 296 1748 iterum
311 1724 518 1755 potestatem
533 1720 686 1753 devenit,
703 1719 808 1746 donec
829 1719 1066 1746 Ferdinandus
1081 1718 1171 1753 Rex,
1188 1718 1356 1752 vigesima
1372 1718 1570 1745 Decembris
1585 1717 1668 1751 1485,
1686 1725 1724 1744 eo
1740 1717 1816 1744 insi-

173 1769 284 1802 gnivit
301 1769 401 1796 titulo
418 1767 557 1795 Petrum
571 1767 784 1794 Ludovicum
800 1766 838 1793 de
854 1766 999 1800 Borgia,
1016 1766 1070 1800 qui
1085 1766 1180 1800 prius
1195 1767 1237 1793 ab
1258 1766 1330 1800 ipso
1346 1765 1439 1800 Rege
1453 1765 1573 1793 villam
1588 1765 1815 1792 Gandiensem

173 1819 313 1843 emerat.
330 1816 419 1848 (vid.
435 1814 577 1842 Boletin
593 1815 636 1842 cie
651 1815 685 1841 la
701 1813 792 1841 Real
807 1813 1001 1841 Academia
1016 1813 1107 1840 dela
1124 1813 1305 1846 Historia,
1323 1818 1401 1840 tom.
1418 1821 1469 1846 lx,
1486 1815 1563 1847 pag.
1582 1812 1650 1843 409„
1667 1818 1699 1839 et
1714 1812 1816 1839 Esco-

173 1871 270 1896 LANO,
294 1863 458 1891 De'cadas
478 1863 521 1890 de
545 1863 579 1890 la
601 1862 763 1889 Historia
789 1862 831 1888 de
855 1861 889 1888 la
915 1861 1045 1888 ciztdad
1064 1869 1087 1896 y
1113 1861 1211 1888 rez'no
1236 1861 1278 1888 de
1310 1860 1489 1893 Valencz'a)
1504 1864 1585 1887 tom.
1610 1867 1643 1893 11,
1667 1861 1745 1894 pag.
1770 1859 1814 1893 75,

173 1911 252 1938 edit.
268 1911 360 1943 1879.)

228 1958 311 1986 Cum
333 1962 446 1986 autem
468 1959 590 1986 Petrus
612 1958 808 1985 Ludovicus
833 1958 898 1990 (cui
921 1961 1021 1992 pater
1045 1956 1178 1984 exstitit
1203 1956 1389 1983 Rodericus
1410 1955 1553 1989 BorgIa,
1576 1954 1652 1981 dein
1667 1954 1816 1981 Alexan-

173 2007 232 2033 der
246 2006 317 2039 VI),
343 2006 519 2041 trigesimo
543 2006 669 2033 aetatis
684 2006 743 2033 vix
759 2006 905 2040 expleto,
921 2005 1049 2032 Romae
1070 2012 1157 2032 anno
1174 2003 1243 2031 1488
1265 2004 1404 2034 obierit,
1417 2003 1449 2030 in
1466 2006 1683 2034 testamento,
1701 2002 1732 2028 14
1748 2002 1815 2028 Au—

171 2054 263 2086 gusti
280 2054 470 2088 obsignato,
487 2054 650 2087 Joannem
665 2061 761 2081 suum
776 2054 920 2080 fratrem
935 2053 1088 2080 Ducatus
1102 2052 1286 2079 haeredem
1301 2050 1488 2078 constituit.
1512 2049 1544 2076 Is
1565 2057 1648 2076 vero
1668 2049 1812 2076 Mariam

170 2102 351 2136 Euriquez,
369 2102 518 2129 defuncti
530 2101 648 2129 fratris
663 2101 812 2134 viduam,
826 2100 959 2135 accepit
974 2101 1006 2128 in
1015 2108 1166 2133 uxorem,
1181 2108 1221 2126 ex
1237 2107 1302 2133 qua
1318 2099 1481 2131 Joannem
1490 2102 1522 2125 et
1534 2097 1713 2124 Elisabeth
1727 2097 1813 2124 filios

170 2149 302 2183 habuit,
319 2153 352 2177 et
368 2150 500 2177 decima
516 2153 639 2184 quarta
654 2149 743 2182 Junii
762 2149 831 2176 1497
846 2148 974 2175 Romae
988 2155 1049 2182 per
1060 2148 1131 2175 vim
1146 2146 1208 2174 suit
1224 2147 1366 2174 occisus.

226 2196 335 2231 Igitur
351 2197 474 2224 tertius
490 2196 655 2230 Gandiae,
672 2204 688 2223 e
704 2196 831 2230 Borgia
847 2196 993 2229 familia,
1010 2195 1086 2222 Dux
1102 2199 1135 2221 et
1152 2194 1269 2221 Sancti
1284 2193 1460 2221 Francisci
1471 2197 1571 2227 pater
1582 2193 1644 2220 suit
1655 2192 1696 2219 D.
1714 2192 1813 2225 joan>

171 2251 230 2271 nes
246 2244 373 2278 Borgia
389 2247 422 2271 et
436 2244 618 2278 Enriquez.
636 2243 678 2276 Is,
693 2247 836 2278 parente
853 2243 994 2270 orbatus
1009 2250 1085 2269 cum
1099 2242 1367 2269 adolescentiam
1381 2241 1526 2268 nondum
1542 2240 1761 2274 explevisset,
1778 2244 1811 2266 et

171 2299 292 2325 regere
310 2291 540 2318 Gandiensem
554 2291 724 2318 Ducatum
740 2291 850 2325 coepit
865 2294 899 2317 et
920 2290 1087 2324 Joannam
1102 2290 1142 2316 de
1157 2290 1299 2324 Aragon
1314 2289 1378 2316 sibi
1394 2289 1426 2316 in
1447 2288 1699 2316 matrimonium
1714 2295 1811 2321 copu-

171 2339 269 2365 lavit.
285 2338 335 2365 De
351 2339 424 2366 1000
436 2342 554 2366 autem
568 2346 608 2366 ac
623 2342 792 2372 tempore,
810 2346 873 2372 quo
890 2338 994 2365 initae
1010 2341 1088 2364 sunt
1103 2337 1168 2364 hae
1184 2337 1322 2371 nuptiae
1333 2358 1339 2370 ‚
1355 2343 1415 2363 nos
1429 2336 1510 2363 fecit
1524 2343 1630 2370 nuper
1645 2335 1811 2362 certiores

170 2393 270 2413 manu
286 2386 450 2420 scriptum
464 2386 498 2413 in
513 2386 679 2413 Archivio
694 2385 895 2413 Verulensis
908 2385 1123 2419 Monastesii,
1139 2385 1172 2411 in
1187 2384 1376 2418 Aragonia,
1389 2387 1618 2416 asservatum,
1635 2390 1697 2417 quo
1713 2389 1810 2416 rega-

170 2434 211 2460 lis
226 2433 418 2467 Borgianae
433 2433 546 2467 gentis
562 2434 657 2467 origo
671 2437 918 2468 propugnatur.
938 2433 993 2471 En
1013 2433 1136 2459 verba:
1153 2435 1167 2444 ⁴*
1177 2431 1218 2459 D.
1231 2432 1329 2466 Juan
1345 2431 1387 2458 II
1405 2431 1539 2458 celebr6
1560 2437 1622 2456 sus
1642 2430 1750 2457 bedas
1765 2437 1808 2456 en

178 2480 376 2508 I'alladolz'd
391 2480 451 2508 dia
468 2481 593 2508 ultimo
608 2481 650 2508 de
665 2480 782 2508 Enero
797 2481 853 2507 del
868 2481 936 2507 asto
949 2480 1038 2508 1509
1054 2487 1114 2507 con
1136 2479 1238 2506 Dofia
1252 2479 1374 2514 suana
1396 2479 1438 2506 de
1453 2478 1612 2512 Arago'n,
1633 2477 1806 2504 lzermana

171 2528 212 2554 de
230 2527 270 2555 D.
288 2527 477 2555 Fernando
492 2528 534 2555 de
550 2528 704 2562 Aragdn,
719 2528 912 2563 Arzobispo
927 2528 970 2555 de
986 2527 1200 2561 Zaragoza.„

223 2575 275 2602 Ex
297 2576 359 2602 hoc
384 2579 499 2603 autem
522 2576 678 2611 conjugio
702 2576 774 2603 nati
799 2580 876 2603 sunt
901 2575 1115 2608 Franciscus,
1137 2575 1344 2609 Alphonsus,
1366 2573 1544 2608 Henricus‚
1560 2573 1680 2605 Maria,
1696 2573 1808 2602 Anna,

170 2624 351 2651 Elisabeth
372 2627 405 2651 et
426 2623 615 2652 Ludovica.
636 2624 690 2651 Ita
711 2627 863 2651 constat:
889 2624 934 2651 1.ο
958 2632 999 2650 ex
1022 2623 1233 2651 documentis
1258 2623 1289 2649 in
1314 2622 1480 2650 Archivio
1505 2621 1608 2648 Ducis
1632 2621 1671 2649 de
1694 2621 1807 2648 Osuna

169 2672 394 2699 existentibus
409 2675 443 2698 et
458 2679 545 2699 anno
561 2672 630 2699 1886
643 2672 676 2699 in
692 2671 833 2699 Boletin
849 2672 891 2698 tle·
905 2671 940 2699 la
956 2671 1047 2699 Real
1066 2671 1260 2698 Academia
1283 2671 1325 2697 de
1345 2670 1380 2697 la
1403 2670 1583 2703 Historia,
1599 2673 1678 2696 tom.
1694 2677 1727 2695 lx
1743 2669 1808 2695 edi-

169 2719 308 2746 tis—2⁰
324 2719 356 2745 in
368 2726 470 2752 opere
483 2719 535 2746 cui
547 2719 667 2747 titulus
682 2719 841 2746 Montesa
854 2719 1039 2746 Ilustrada
1052 2719 1094 2746 ab
1106 2718 1300 2745 HIPPoLYTo
1315 2725 1357 2744 DE
1370 2717 1508 2744 SAMPER
1521 2717 1600 2744 edit.
1612 2716 1806 2748 Valentiae,

169 2766 437 2793 ann01669.—3.⁰
458 2774 499 2792 ex
524 2766 692 2794 Chronica
717 2766 901 2793 RAYMUNm
921 2766 1083 2800 VicIANA,
1104 2768 1211 2801 parte
1235 2765 1402 2793 secunda.
1426 2764 1488 2798 Qui
1503 2768 1595 2791 certe
1612 2764 1809 2797 scriptores,

169 2822 286 2848 nempe
301 2813 443 2848 Samper
458 2818 491 2840 et
507 2814 663 2846 Viciana,
678 2818 796 2849 utpote
811 2814 977 2841 valentini
995 2817 1028 2841 et
1043 2813 1077 2841 in
1092 2814 1180 2841 illius
1195 2813 1344 2848 regionis
1358 2812 1569 2847 genealogiis
1581 2811 1807 2839 versatissimi

168 2867 201 2888 tt
217 2862 359 2889 liliorum
375 2861 467 2889 tertii
485 2861 589 2889 Ducis
604 2862 673 2888 fere
690 2861 821 2896 coaevi,
837 2862 901 2889 hac
916 2862 956 2889 de
969 2869 1005 2889 re
1021 2863 1155 2896 plenam
1170 2864 1344 2889 merentur
1359 2860 1467 2888 fidem.

222 2910 366 2937 Ducissa
384 2908 515 2942 Joanna
531 2910 569 2936 de
586 2910 726 2943 Aragon
742 2917 828 2936 anno
844 2909 913 2936 1520
926 2910 1045 2936 vivere
1062 2909 1173 2936 desiit.
1189 2909 1280 2936 Tunc
1298 2909 1418 2935 tertius
1433 2907 1586 2935 Gandiae
1603 2907 1677 2934 Dux
1693 2913 1809 2933 secun*
