1969 3293
190 227 261 263 472
755 225 798 263 S.
829 226 1066 263 FRANC1SCI
1093 226 1268 265 BORGIA

192 324 356 375 vigore
376 323 699 363 decernendae
724 324 1024 375 nominados',
1048 325 1140 365 etia
1166 337 1249 377 per
1280 325 1481 365 edictum
1507 327 1694 378 publicu
1724 339 1833 368 con·

192 395 299 434 stito
322 395 546 444 sumarie,
578 394 613 431 8(
642 399 776 434 extra
806 394 1087 435 iudicialiter
1117 396 1173 436 de
1200 402 1260 436 no
1288 402 1387 436 tuto
1415 407 1609 438 accessu
1637 398 1828 448 citandi,

192 478 247 506 ac
268 465 544 517 praedictiS,
577 465 847 517 omnibusq:
876 466 978 506 aliis
1008 465 1238 507 iudicibus
1265 467 1300 504 δι
1329 467 1562 518 personis,
1595 480 1826 521 quacunq.

191 537 470 577 auctoritate
488 537 524 574 &
540 537 767 587 dignitate
784 537 924 577 etiam
940 538 1070 589 regia
1088 539 1163 578 vel
1176 539 1266 578 alia
1279 538 1592 590 fungentibus,
1612 540 1778 591 quibus
1793 541 1828 577 ἅ*

190 609 371 660 quoties
393 609 598 648 inhiben.
628 608 790 657 fuerit,
826 609 918 649 etia
947 610 1031 649 sub
1061 610 1271 650 censuris
1301 610 1336 647 &
1362 610 1526 661 poenis
1553 611 1829 651 ecclesiasti-

190 680 258 719 cis
286 680 321 716 8(
342 679 628 731 pecuniariis
649 679 908 730 inhibendi,
942 691 998 720 ac
1027 692 1108 720 eos
1137 681 1172 717 δι
1202 686 1317 721 eoru
1344 682 1568 733 quelibet,
1601 688 1829 733 quatenus

190 751 458 791 carceribus
490 752 746 802 mancipati
775 752 948 793 existat
978 753 1036 793 ab
1067 753 1243 793 eisdem
1271 754 1542 794 carceribus
1570 754 1767 794 liberadi
1794 755 1827 791 8<

188 822 376 862 liberari
396 822 580 874 faciedi,
599 835 896 876 processusq.
916 824 1221 865 &sententias
1242 825 1424 865 dictori]
1445 825 1603 865 iudicii
1623 825 1828 865 saecula-

188 894 260 934 riu
282 899 339 934 cu
360 894 462 934 aliis
483 895 590 935 inde
611 896 798 941 secutis.
819 896 858 936 si
880 907 999 947 quae
1021 896 1127 945 sint,
1147 896 1299 936 nullas
1322 896 1357 933 δέ
1379 895 1610 936 inualidas
1630 896 1772 937 fuisse
1794 897 1828 933 8<

189 977 291 1005 esse
311 972 450 1017 provt
471 966 585 1006 iuris
606 966 744 1006 fuerit
766 967 1060 1018 declarandi,
1086 979 1141 1007 ac
1159 967 1287 1019 ipsos
1305 967 1582 1007 adhaeretes
1600 979 1627 1007 a
1644 968 1830 1019 quibus·

189 1037 260 1076 uis
282 1038 733 1078 excomunicationis
760 1038 1027 1089 sententiis,
1056 1038 1096 1078 si
1122 1038 1289 1090 quibus
1321 1038 1668 1090 quomodolibet
1698 1039 1829 1080 inno-

188 1108 286 1148 dati
320 1109 546 1159 existant,
584 1109 856 1161 simpliciter
885 1110 958 1149 vel
985 1109 1044 1149 ad
1075 1110 1326 1160 cautelam,
1361 1116 1500 1161 provt
1528 1109 1642 1150 iuris
1669 1109 1824 1159 fuerit,

187 1180 448 1230 absoluedi,
473 1192 528 1220 ac
550 1180 869 1221 inobedientes
891 1181 925 1218 ἃ
946 1181 1142 1221 rebelles
1171 1192 1397 1221 censuras
1427 1181 1462 1218 δι
1489 1193 1666 1232 poenas
1692 1193 1827 1233 prae-

188 1252 337 1292 dictas
358 1253 633 1303 incurrisse,
657 1253 692 1290 &
713 1253 757 1293 in
781 1253 885 1293 illas
906 1253 1126 1293 incidisse
1161 1253 1419 1303 declaradi,
1444 1253 1593 1305 illasq.
1627 1253 1720 1294 etia
1747 1253 1825 1293 ite-

188 1323 303 1363 ratis
325 1323 505 1364 vicibus
523 1324 804 1376 aggrauadi,
826 1324 1158 1376 reaggrauadi,
1181 1325 1217 1361 8(
1234 1324 1557 1375 interdicendi,
1578 1336 1632 1364 ac
1650 1325 1824 1364 auxilii]

185 1395 366 1435 brachii
387 1396 666 1447 saecularis,
689 1396 728 1436 si
749 1408 866 1447 opus
887 1395 1048 1447 fuerit,
1073 1396 1314 1446 inuocadi,
1337 1402 1487 1436 necno
1510 1396 1665 1436 omnia
1683 1396 1719 1434 ἃ*
1735 1396 1825 1437 sin·

184 1467 296 1517 gula
318 1479 437 1518 quae
458 1467 504 1507 in
524 1468 798 1519 praemissis
816 1468 852 1504 &
869 1468 995 1508 circa
1018 1479 1073 1507 ea
1094 1467 1363 1507 necessaria
1380 1467 1551 1508 fuerint
1573 1468 1823 1519 quomodo-

183 1538 314 1589 libet,
339 1539 374 1575 &
396 1545 661 1590 opportuna
682 1538 906 1589 faciendi,
930 1538 1145 1590 gerendi,
1170 1538 1408 1589 reuocadi,
1433 1539 1468 1576 &
1490 1539 1739 1579 exercendi
1769 1551 1824 1578 ac

183 1610 413 1662 exequedi
434 1611 722 1662 praemissis,
743 1623 798 1651 ac
820 1611 1062 1663 quibusuis
1082 1610 1493 1651 constitutionibus
1515 1610 1550 1647 &
1572 1610 1823 1651 ordinatio-

184 1681 318 1722 nibus
339 1682 652 1733 Apostolicis,
674 1682 935 1734 priuilegiis
957 1693 1096 1734 quoq.
1121 1682 1155 1719 &
1178 1681 1386 1733 indultis,
1411 1693 1467 1721 ac
1494 1682 1642 1722 felicis
1670 1694 1824 1723 recor-

183 1753 387 1794 dationis
415 1753 646 1795 Bonifacii
672 1754 830 1806 Papae
857 1753 965 1794 VIII
991 1753 1372 1806 praedecessoris
1398 1754 1548 1794 nostri
1576 1753 1632 1793 de
1662 1766 1752 1794 vna
1789 1754 1824 1790 δι

182 1825 365 1865 consilii
384 1825 620 1876 generalis
642 1826 698 1866 de
720 1825 901 1865 duabus
922 1825 1079 1876 dictis,
1104 1825 1304 1865 dumodo
1330 1831 1390 1865 no
1418 1825 1541 1864 vltra
1569 1830 1683 1875 tres,
1719 1837 1829 1865 cae-⁷

180 1897 339 1948 terisq.
377 1897 594 1937 cotrariis
636 1897 910 1950 quibuscuq.
943 1903 1190 1949 nequaqua
1217 1896 1477 1937 obstatibus
1503 1897 1745 1937 comittere
1778 1903 1825 1936 et

181 1968 394 2017 mildam,
418 1969 582 2021 aliasq.
605 1969 652 2009 in
673 1968 946 2020 praemissis
967 1974 1228 2020 opportune
1248 1968 1498 2020 prouidere
1527 1968 1582 2008 de
1613 1968 1818 2019 benigni-

179 2045 274 2080 tate
301 2040 578 2092 Apostolica
606 2041 924 2092 dignaremur.
960 2040 1194 2091 Quocirca
1225 2039 1495 2080 discretioni
1523 2046 1710 2080 vestrae
1739 2051 1821 2091 per

180 2111 455 2163 Apostolica
476 2113 655 2164 scripta
676 2111 942 2163 madamus,
967 2117 1196 2163 quatenus
1216 2123 1324 2162 vos,
1348 2112 1424 2151 vel
1445 2111 1559 2159 duo,
1590 2118 1670 2151 aut
1698 2122 1819 2150 vnus

178 2188 341 2224 vestru
361 2184 559 2234 vocatiS,
580 2184 659 2236 qui
679 2183 850 2224 fuerint
870 2182 1067 2224 euocadi
1088 2194 1144 2222 ac
1164 2182 1461 2234 processibus
1478 2182 1514 2220 Sc
1530 2182 1740 2223 sentetiis
1756 2181 1819 2222 di-

179 2259 313 2295 ctoru
334 2254 489 2296 iudici]
511 2255 776 2296 saecularia
797 2259 854 2295 cu
873 2254 976 2294 aliis
990 2266 1073 2306 per
1090 2265 1170 2294 eos
1187 2254 1294 2294 inde
1311 2254 1500 2304 secutis,
1520 2253 1559 2293 si
1575 2265 1694 2305 quae
1711 2253 1833 2303 sint„

179 2326 316 2366 nullis
338 2326 373 2363 δι
395 2326 627 2377 inualidis,
652 2332 792 2379 provt
813 2326 927 2366 iuris
947 2325 1099 2375 fuerit,
1124 2325 1361 2376 aclaratis,
1387 2337 1442 2365 ac
1463 2325 1576 2376 ipsis
1598 2324 1826 2365 adhaere—

180 2397 301 2437 tibus
323 2410 350 2437 a
372 2399 668 2449 carceribus,
693 2399 731 2438 si
753 2398 799 2438 in
821 2398 911 2438 illis
932 2397 1210 2454 detineatur,
1234 2397 1459 2437 relaxatis
1481 2397 1516 2434 δε
1546 2396 1592 2436 in
1622 2396 1724 2436 aliis
1751 2408 1825 2436 ar—

179 2469 317 2509 bitrio
339 2476 499 2510 vestro
529 2469 757 2521 eligendis
784 2468 1088 2520 mancipatis,
1123 2468 1158 2505 &
1180 2468 1237 2508 ab
1266 2468 1356 2508 illis
1382 2467 1654 2519 postmodu,
1684 2473 1822 2519 provt

181 2540 295 2580 iuris
316 2540 480 2590 fucrit,
505 2541 714 2581 liberatis
736 2541 953 2592 auditisq.
978 2539 1087 2580 hinc
1110 2539 1217 2579 inde
1238 2539 1516 2591 propositis,
1547 2539 1671 2590 quod
1699 2538 1822 2579 iustu

180 2610 335 2660 fuerit,
360 2612 673 2663 appellatione
695 2618 874 2652 remota
897 2612 944 2652 in
965 2611 1037 2651 his
1059 2622 1177 2662 quae
1199 2616 1352 2662 poena
1373 2610 1617 2660 sanguinis
1637 2616 1697 2650 no
1716 2621 1820 2650 con-

181 2682 369 2733 tingunt
392 2683 680 2735 decernatis,
704 2683 931 2724 facientes
953 2682 1077 2735 quod
1099 2681 1403 2722 decreueritis
1424 2692 1507 2732 per
1528 2686 1729 2721 censura
1751 2692 1821 2720 ec-

181 2754 449 2795 clesiastica
492 2755 688 2795 firmiter
724 2755 982 2795 obseruari.
1024 2753 1161 2794 Datis
1202 2753 1380 2793 Romae
1414 2752 1537 2804 apud
1581 2752 1627 2793 S.
1663 2752 1818 2802 Petru,

182 2837 307 2866 anno
335 2827 676 2867 incarnationis
697 2827 864 2867 dnicae
894 2826 1140 2867 millesimo
1162 2824 1503 2877 quingetesimo
1525 2824 1830 2874 sexagesimo-

184 2896 350 2949 primo,
381 2909 505 2937 nono
537 2897 744 2938 Kaledas
773 2898 971 2949 Aprilis,
1004 2896 1308 2937 Pontificatus
1335 2895 1484 2935 nostri
1512 2906 1634 2935 anno
1665 2895 1819 2934 tertio.

186 2970 243 3010 A.
277 2968 470 3021 Stupha.
509 2968 557 3009 P.
595 2969 780 3009 Ferrer.
818 2969 880 3009 10.
918 2969 1130 3021 Baptista
1161 2967 1217 3007 de
1246 2966 1424 3006 alexiis.
1455 2965 1512 3006 A.
1543 2966 1599 3006 de
1626 2964 1818 3006 inuidia.

183 3041 234 3082 B.
254 3040 515 3082 Beltradus.
535 3040 639 3080 Por
660 3042 703 3080 lo
720 3041 830 3091 qual
851 3052 903 3080 os
923 3040 1217 3081 notificamos
1237 3048 1325 3090 que
1346 3048 1433 3089 por
1453 3038 1523 3077 los
1543 3036 1827 3088 magnificos.
