2063 3283
301 247 368 285 186
662 246 899 282 BoRGmNA
926 255 1106 281 FAMILlA
1134 245 1277 282 mecm
1305 245 1552 285 VALENrml

299 343 408 383 dum
430 349 475 383 et
495 341 715 382 solemnis
737 347 1001 392 reputatur;
1026 346 1071 381 et
1091 347 1342 393 propterea
1361 342 1512 394 illam,
1536 344 1612 384 cui
1639 338 1937 386 devotionem

298 414 504 464 gerimus
525 412 791 463 specialem,
810 411 858 451 in
877 416 1069 452 nostrae
1089 412 1260 453 mentis
1275 412 1536 455 visceribus
1557 415 1825 467 specialiter
1845 428 1937 457 am-

300 485 555 536 plectentes
569 515 578 533 ,
612 494 667 522 ac
702 493 806 522 eam
837 488 1002 522 nostra
1037 482 1173 524 solita
1207 483 1487 526 liberalitate
1521 486 1672 526 sacris
1702 485 1940 528 donativis

296 555 523 595 decorare
540 554 802 593 volentes...
826 553 1152 606 infrascriptas
1169 554 1392 607 reliquias
1413 556 1469 596 de
1490 555 1579 598 hac
1600 557 1723 597 alma
1742 557 1858 598 urbe
1879 559 1938 601 ad

297 636 399 665 eam
420 623 683 665 Ecclesiam
705 624 1002 664 decrevimus
1023 624 1371 677 destinandas„
1402 626 1497 667 Las
1522 628 1806 680 principales
1835 629 1937 669 reli-

297 696 429 748 quias
450 706 558 735 son:
581 695 638 735 de
658 695 703 735 la
725 694 954 736 Columna
975 709 1005 747 y
1027 695 1216 737 Corona
1237 697 1293 737 de
1315 697 1503 749 espinas
1525 698 1582 739 de
1611 699 1655 739 la
1685 698 1855 740 Pasion
1881 700 1938 740 de

298 767 495 807 Nuestro
518 764 669 806 Sefior
687 766 970 820 Jesucrist0‚
996 767 1051 807 de
1072 766 1167 808 San
1187 767 1310 820 Juan
1336 768 1572 821 Bautista,
1598 769 1654 810 de
1675 770 1747 810 los
1767 769 1939 812 Santos

299 837 546 889 Apostoles
565 835 793 888 Santiago
815 838 857 877 el
879 837 1042 878 Menor
1063 851 1094 890 y
1116 838 1209 879 San
1227 839 1495 880 Bartolome
1515 853 1547 892 y
1567 840 1624 880 de
1645 839 1740 881 San
1766 842 1936 883 Loren-

295 921 370 958 zo,
394 908 575 949 martir.

621 1200 961 1236 CANONIZACION
991 1208 1051 1236 DE
1082 1209 1169 1236 SAN
1204 1208 1403 1237 VICENTE
1435 1209 1617 1238 FERRER

374 1410 475 1451 Uno
505 1410 562 1451 de
589 1412 660 1451 los
686 1411 918 1463 primeros
953 1417 1085 1451 actos
1114 1411 1189 1451 del
1215 1410 1441 1452 Pontifice
1471 1411 1657 1452 Calixto
1688 1411 1748 1453 III
1781 1411 1858 1453 fue
1894 1414 1936 1452 la

291 1481 499 1521 solemne
527 1482 867 1522 canonizacion
894 1481 951 1522 de
977 1493 1033 1522 su
1059 1482 1257 1534 paisano
1286 1483 1329 1523 el
1354 1483 1493 1523 beato
1520 1483 1720 1524 Vicente
1749 1483 1787 1524 F
1790 1495 1933 1524 errer.

293 1551 425 1603 Este,
450 1552 651 1605 despues
672 1552 729 1594 de
758 1565 851 1593 una
872 1553 982 1594 vida
1003 1553 1425 1595 verdaderamente
1447 1554 1709 1606 apostelica
1730 1567 1761 1607 y
1782 1566 1935 1595 acom-

291 1624 478 1675 pafiada
499 1624 556 1665 de
576 1624 687 1665 toda
709 1625 836 1665 clase
857 1624 913 1665 de
934 1625 1203 1677 prodigios,
1225 1625 1365 1666 habia
1394 1625 1612 1666 fallecido
1640 1637 1698 1666 en
1724 1626 1933 1677 Vannes,

286 1706 348 1735 en
368 1695 414 1735 la
434 1694 658 1747 Bretafia,
684 1707 742 1736 en
761 1696 896 1736 Abril
922 1696 978 1737 de
1008 1696 1131 1748 1419,
1161 1700 1189 1737 a
1218 1697 1289 1737 los
1316 1702 1498 1738 setenta
1527 1710 1559 1750 y
1587 1696 1707 1738 ocho
1736 1701 1853 1738 anos
1879 1696 1936 1738 de

285 1765 423 1807 edad.
457 1766 716 1808 Verificose
750 1768 793 1808 la
829 1768 1123 1809 solemnidad
1150 1768 1207 1809 de
1234 1769 1280 1809 la
1307 1768 1646 1809 canonizacion
1675 1767 1749 1809 del
1775 1769 1937 1809 ilustre

288 1837 486 1890 Apostol
506 1839 788 1880 valenciano
809 1841 852 1880 el
872 1839 924 1880 29
940 1839 996 1880 de
1016 1840 1155 1894 Junio
1176 1841 1234 1881 de
1259 1840 1375 1881 1455.
1393 1840 1465 1881 En
1485 1840 1651 1882 accion
1672 1839 1729 1881 de
1746 1841 1935 1892 gracias

287 1909 332 1949 al
351 1908 503 1950 Sefior
521 1922 609 1962 por
628 1910 819 1952 haberle
841 1912 1076 1963 otorgado
1106 1912 1152 1953 la
1171 1912 1339 1964 gracia
1361 1912 1417 1953 de
1448 1912 1703 1953 canonizar
1724 1915 1752 1952 a
1779 1923 1834 1952 su
1860 1924 1934 1953 co-

284 1980 455 2022 nocido
474 1993 507 2034 y
527 1982 850 2034 compatricio,
876 1983 982 2023 hizo
1003 1983 1044 2023 el
1065 1982 1195 2035 Papa
1216 1983 1403 2024 Calixto
1424 1995 1517 2024 una
1539 1984 1747 2024 solemne
1774 1994 1934 2035 proce-

285 2052 386 2092 sion
403 2052 545 2094 desde
565 2053 610 2093 la
627 2053 844 2094 Minerva
861 2055 950 2094 ala
972 2054 1138 2106 iglesia
1161 2055 1218 2095 de
1245 2054 1341 2096 San
1368 2054 1540 2106 Pedro,
1571 2067 1660 2095 con
1680 2065 1801 2106 gran
1828 2067 1934 2095 con-

282 2134 424 2164 curso
445 2123 502 2165 de
524 2124 649 2165 clero
671 2138 702 2177 y
722 2125 1273 2177 pueblo.—-(C1ACON1us.)

299 2206 306 2209 ’
364 2194 492 2247 Fray
512 2195 662 2236 Pedro
685 2196 924 2248 Ransano,
961 2197 1214 2249 dominico,
1244 2209 1334 2250 que
1361 2209 1412 2238 se
1439 2198 1563 2238 hallo
1590 2203 1808 2250 presente
1835 2201 1862 2238 a
1890 2199 1933 2237 13

284 2266 492 2307 eleccion
512 2266 568 2308 de
589 2267 774 2309 Calixto
796 2269 876 2320 III,
900 2281 957 2310 en
977 2270 1022 2309 13
1056 2269 1170 2310 Vz‘da
1196 2270 1252 2310 de
1274 2269 1374 2310 San
1406 2269 1588 2310 Vicente
1609 2270 1806 2320 Ferrer,
1832 2269 1934 2310 dice

284 2337 358 2378 del
375 2338 637 2389 expresado
651 2339 874 2380 Pontifice
895 2341 939 2380 lo
960 2341 1215 2392 siguiente:
1237 2341 1305 2382 “Is
1320 2341 1478 2381 multis
1495 2346 1603 2381 ante
1621 2341 1772 2391 annis,
1793 2351 1934 2393 quam

283 2420 517 2450 summum
537 2410 878 2462 adipisceretur
898 2412 1246 2464 pontificatum,
1281 2412 1572 2464 complures,
1607 2412 1774 2464 quibus
1801 2411 1932 2452 fami-

283 2480 459 2521 liariter
481 2481 712 2533 utebatur,
736 2494 878 2535 saepe
896 2482 1033 2534 jussit
1054 2483 1177 2523 bono
1199 2483 1357 2524 animo
1379 2495 1503 2524 esse:
1538 2495 1730 2535 sperare
1762 2483 1933 2535 quippe

283 2564 331 2592 se
352 2551 537 2593 dicebat
556 2552 656 2593 fore
677 2553 945 2605 aliquando,
965 2560 1015 2594 ut
1031 2554 1130 2605 ipse
1148 2554 1391 2596 Romanae
1412 2560 1656 2606 praeesset
1674 2555 1930 2595 Ecclesiae.

282 2623 441 2663 Multis
460 2624 616 2675 itaque
638 2624 684 2664 id
705 2625 1079 2676 expectantibus,
1103 2625 1394 2678 duobusque,
1420 2632 1500 2667 aut
1522 2626 1671 2667 tribus
1705 2625 1932 2678 pontifici-

283 2694 367 2735 bus
387 2695 607 2747 mortuis,
631 2696 766 2736 aliter
788 2697 977 2737 evenire
1006 2703 1146 2748 atque
1176 2697 1277 2748 ipse
1303 2697 1607 2750 praedicebat
1637 2697 1932 2738 animadver-

278 2766 505 2818 tentibus,
534 2765 783 2807 ridiculum
819 2778 947 2819 eum,
977 2767 1266 2820 delirumque
1293 2779 1476 2820 senem,
1506 2768 1731 2810 ridiculas
1757 2775 1804 2810 et
1832 2767 1933 2821 ejus

280 2837 463 2879 futurae
506 2837 574 2878 rei
612 2838 957 2889 praedictiones
996 2850 1099 2880 esse
1135 2839 1444 2881 affirmabant.
1486 2840 1735 2881 Caeterum
1767 2846 1930 2892 postea

279 2920 437 2961 quam,
460 2907 654 2950 Nicolao
675 2909 836 2961 quinto
858 2916 1057 2960 mortuo,
1083 2922 1188 2951 eum
1209 2911 1429 2952 viderunt
1452 2911 1512 2952 ad
1532 2911 1729 2953 maximi
1749 2911 1930 2963 pontifi-

281 2981 348 3024 cis
382 2981 661 3032 dignitatem
687 2987 936 3033 evectum,
959 2982 1027 3022 rei
1061 2989 1234 3023 eventu
1263 2983 1471 3024 maxime
1497 2988 1758 3036 stupenteS,
1788 2995 1848 3024 ex
1876 2995 1933 3023 eo

278 3053 544 3104 quaesiere,
577 3062 783 3104 quonam
805 3052 989 3093 afflatus
1019 3054 1209 3095 numine
1237 3053 1422 3095 futurae
1449 3053 1587 3107 hujUs
1613 3054 1681 3095 rei
1710 3060 1932 3099 eventum
