1969 3293
189 111 259 149 706
738 111 782 149 S.
813 113 1089 150 FRANCISCDS
1117 111 1290 152 BORGIA

190 208 280 248 niis
305 207 335 258 ¹,
361 208 534 258 multis,
560 209 724 259 poenis
759 209 975 249 civilibus
996 215 1040 249 et
1060 210 1348 261 pecuniariis
1369 218 1413 252 et
1443 213 1766 264 corporalibus
1789 222 1833 255 et

193 279 297 318 aliis
320 278 608 329 ademprivis
635 277 664 327 ²³,
689 280 1038 330 emolumentis,
1063 281 1444 333 obventionibus;
1473 289 1518 323 et
1553 295 1660 324 curn
1689 287 1835 326 omni-

191 349 278 389 bus
309 354 352 389 et
392 348 589 399 singulis
630 349 732 389 aliis
768 349 969 401 juribus,
1011 357 1055 391 et
1094 352 1380 403 specialiter.
1418 354 1718 405 singulariter
1755 364 1834 397 aut

190 420 498 469 generaliter,
536 419 582 459 in
613 420 825 471 predicta
852 421 1058 462 Baronia
1089 428 1134 462 et
1160 423 1272 474 foya
1308 423 1363 463 de
1398 424 1609 477 Lombay
1641 433 1685 466 et
1715 427 1837 467 locis¹

190 490 422 547 ejusdem,
447 491 659 531 terminis
689 498 734 532 et
756 493 1008 533 territoriis
1035 499 1079 533 et
1112 494 1304 534 basallis
1336 495 1398 535 ibi
1433 495 1753 538 habitantibus
1789 506 1833 539 et

191 561 495 612 habitaturis,
520 562 656 602 nobis
678 564 1050 614 competentibus
1072 571 1117 604 et
1139 566 1463 617 competituris
1486 568 1654 619 quovis
1676 569 1832 621 modo,

192 632 394 682 nomine,
419 633 568 683 titulo,
594 645 739 673 causa
761 634 862 674 sive
883 635 1080 685 ratione,
1111 635 1179 675 sic
1206 637 1345 677 vobis
1381 638 1505 677 dicto
1541 638 1635 678 filio
1671 646 1833 680 nostro

189 703 438 744 vendimus
462 716 517 744 ac
538 704 793 745 insolutum
815 705 981 746 damus
1002 706 1238 747 mediante
1267 706 1281 726 ⁵
1307 720 1392 759 pro
1422 708 1623 750 indiviso
1651 711 1833 761 praedi-

189 782 292 815 ctae
314 774 549 815 Batoniae
571 781 615 815 et
636 777 848 816 locorum
869 775 1091 828 ejusdem,
1117 789 1222 818 cum
1244 779 1494 820 medietate
1515 792 1600 832 pro
1628 781 1831 823 indiviso

189 846 396 886 omnium
415 846 590 898 jurium
611 853 656 887 et
677 848 1099 888 emolumentorum
1121 849 1526 901 supradictorum,
1563 853 1734 904 pretio,
1767 854 1832 894 vi-

187 917 378 968 delicet,
416 917 649 958 dictarum
685 918 924 959 sexdecim
958 920 1083 959 mille
1111 920 1421 962 ducentarum
1454 923 1832 976 vigintiquinque

185 989 413 1029 librarum
435 996 479 1029 et
509 1001 590 1029 seu
619 996 936 1030 trecentorum
965 991 1134 1042 viginti
1165 998 1364 1043 quatuor
1395 994 1518 1033 mille
1551 995 1827 1046 quingento-

186 1071 291 1100 rum
331 1060 587 1100 solidorum
628 1060 836 1113 ejusdem
875 1068 1092 1102 monetae
1132 1064 1364 1114 regalium
1404 1064 1672 1115 Valentiae‚
1712 1078 1828 1118 quos

187 1143 350 1171 omnes
374 1144 399 1171 a
421 1132 557 1171 vobis
579 1131 857 1172 confitemur
873 1132 1094 1173 habuisse
1121 1139 1165 1174 et
1200 1135 1451 1186 recepisse,
1490 1137 1723 1177 voluntati
1751 1149 1829 1178 no-

186 1209 312 1243 strae
330 1203 522 1243 realiter
544 1204 889 1255 recuperando,
914 1204 1053 1245 modo
1075 1210 1119 1245 et
1139 1205 1291 1245 forma
1314 1206 1360 1246 in
1378 1218 1527 1258 apoca
1559 1208 1718 1248 statim
1748 1220 1833 1261 per

183 1286 271 1314 nos
288 1274 521 1314 firmanda
544 1274 768 1314 dicendis:
789 1275 893 1315 ideo
906 1276 1240 1317 renunciamus
1258 1283 1364 1328 eto,
1386 1284 1429 1317 et
1447 1277 1672 1319 beneficio
1691 1279 1832 1320 etiam

183 1346 379 1386 minoris
402 1347 537 1398 pretii
559 1352 666 1397 etc.,
691 1353 735 1386 et
756 1359 815 1386 ex
837 1359 980 1387 causa
1003 1347 1269 1399 hujusmodi
1290 1349 1578 1390 venditionis
1601 1357 1646 1391 et
1669 1362 1751 1391 seu
1767 1351 1835 1391 in-

184 1419 386 1458 solutum
414 1418 618 1458 dationis
649 1419 838 1469 damus,
871 1419 1079 1459 cedimus
1108 1426 1152 1460 et
1181 1421 1485 1461 concedimus
1517 1428 1630 1472 etc.,
1665 1423 1832 1474 quibus

179 1489 364 1541 juribus
386 1492 461 1540 &.‚
487 1490 826 1530 constituentes
848 1490 914 1541 ἅτ,
940 1490 1236 1542 injungentes
1258 1492 1327 1543 &.‚
1347 1491 1423 1543 jus
1445 1492 1567 1544 quod
1590 1505 1647 1533 ex
1759 1497 1828 1545 &.‚

182 1561 395 1612 exceptis
426 1564 494 1612 &.,
524 1561 834 1613 promitentes
862 1564 930 1613 &.,
961 1568 1174 1603 tenemur
1196 1575 1250 1604 ac
1280 1564 1430 1604 teneri
1451 1565 1669 1604 volumus
1689 1571 1829 1616 pacto

182 1633 376 1684 speciali
398 1633 465 1672 sic
488 1633 702 1684 apposito
724 1635 775 1673 ἃ.
800 1636 835 1673 &
842 1664 940 1673 ......

263 1703 397 1754 Quod
418 1709 487 1744 est
510 1710 667 1744 actum
687 1705 734 1744 in
760 1710 925 1745 nostro
947 1705 1128 1746 Palatio
1149 1706 1319 1747 Ducali
1341 1706 1609 1758 praedictae
1636 1714 1827 1748 nostrae

182 1775 324 1814 villae
347 1775 632 1816 Gandiae....

263 1845 426 1886 Testes
448 1845 637 1898 Gaspar
656 1846 1196 1889 Vidal.—Bernardinus
1216 1848 1431 1889 Lacoste.

263 1988 541 2040 Sequuntur
561 1988 806 2038 formulae
827 1993 1092 2031 consuetae.

234 2197 245 2217 1
286 2197 429 2224 (salonia
447 2198 501 2224 vel
517 2198 714 2228 calumnia,
728 2198 918 2225 calumniae
933 2199 1071 2230 mulcta.
1086 2206 1152 2233 qua
1176 2199 1360 2227 damnatur
1381 2201 1435 2235 qui
1458 2201 1688 2229 calumniandi
1712 2203 1829 2230 animo⁴

179 2245 273 2271 litem
289 2245 443 2272 intendit.
458 2253 517 2279 pro
533 2245 657 2279 injuste
674 2245 833 2272 instituta
849 2246 994 2279 actione,
1017 2248 1072 2273 vel
1089 2247 1223 2281 objecta
1240 2249 1449 2282 exceptione.

231 2292 245 2312 2
284 2293 542 2327 Adcmprzvum
557 2294 612 2319 vel
626 2293 839 2327 aclemprum
855 2301 916 2328 pro
932 2295 1054 2328 quavis
1070 2294 1304 2328 praestatione
1321 2297 1353 2323 in
1374 2297 1565 2331 hujusmodi
1589 2297 1823 2326 instrumentis

178 2341 315 2374 saepius
330 2341 514 2374 acciturum
529 2346 565 2367 at
582 2348 646 2367 non
662 2347 742 2367 raro
758 2341 846 2368 idem
860 2341 1031 2375 significat
1048 2342 1135 2376 quod
1152 2344 1318 2375 usagium
1343 2352 1402 2371 seu
1420 2344 1475 2378 jus
1500 2345 1618 2372 utendi
1643 2346 1759 2380 aliqua
1773 2353 1823 2379 re,

178 2387 314 2421 pascuis
331 2395 447 2421 nempe
465 2393 496 2414 et
511 2388 717 2414 nemoribus-

233 2434 246 2454 5
285 2436 503 2462 υιεηιίιίιηιε.
519 2435 623 2462 Forte
640 2435 759 2463 melius
775 2436 902 2469 legitur
919 2438 1087 2470 mediate,
1102 2437 1122 2464 i.
1139 2446 1167 2465 e.
1183 2446 1225 2465 ex
1239 2445 1337 2472 parte
1351 2439 1499 2467 dimidia.
