1969 3293
721 132 833 168 F1L11
859 142 912 168 ET
939 132 967 166 F
974 142 1091 168 ILIAE
1654 133 1726 169 043

170 229 352 270 Moroni
373 229 657 269 rescribebat
677 229 968 270 Secretarius
989 229 1149 279 Como,
1171 230 1223 269 25
1239 229 1456 280 Augusti:
1484 230 1720 270 α10616566

93 301 217 341 35531
237 312 264 340 3
291 299 344 339 N.
375 299 419 340 S.
451 299 698 350 (Pontifici)
727 299 783 339 de
809 300 853 339 la
881 300 1055 350 partita
1082 299 1155 339 del
1181 300 1343 351 signor
1365 300 1720 340 ambasciadore

91 371 336 421 catholico,
362 371 446 410 che
468 375 492 410 e
514 373 645 421 costi,
670 371 877 421 sapendo
899 371 929 410 li
951 371 1092 410 buoni
1113 370 1265 421 officii,
1289 371 1373 410 che
1397 372 1455 411 ha
1482 371 1585 411 fatti
1606 383 1723 411 sem-

90 454 172 494 pre
198 441 245 481 in
279 442 473 481 servitio
508 442 553 481 di
587 441 675 481 Dio
710 449 755 481 et
789 441 845 481 de
880 442 922 480 13
958 447 1092 481 santa
1128 442 1328 493 religion
1363 442 1611 492 catholica3
1649 455 1726 482 ma

91 511 137 553 S.
161 511 247 552 δῶ
269 513 308 551 51
329 512 521 551 6005013
542 523 630 551 600
650 513 695 551 13
716 512 891 563 qualita
910 511 982 552 dcl
1010 524 1302 562 successore,
1339 514 1448 564 qual
1475 514 1509 553 s'
1537 513 1725 553 intende

92 595 219 624 esser
240 583 364 623 buon
385 583 619 622 cavaliere
640 590 684 622 et
706 583 763 621 da
786 589 978 633 potcrne
1000 589 1208 634 aspettar
1229 584 1339 633 ogni
1361 584 1486 623 aiuto
1511 584 1536 624 ¹.

171 653 408 704 Quantum
436 659 592 692 autem
622 659 731 692 tunc
760 653 982 704 temporis
1017 654 1141 704 apud
1167 653 1505 705 Imperatorem
1535 654 1726 706 ejusque

93 736 289 764 uxorem
309 724 464 774 gratia
485 724 664 763 valeret
684 723 905 776 Joannes,
927 730 1051 775 patet
1069 736 1127 764 ex
1152 725 1238 775 his,
1273 737 1392 776 quae
1414 725 1728 766 Rossanensis

94 794 507 847 Archiepiscopus,
530 794 734 847 Joannes
762 794 972 845 Baptista
1001 794 1260 845 Castagna,
1297 795 1537 837 Cardinali
1564 796 1726 847 Como,

93 865 329 906 Pontificis
350 865 630 915 Secretario,
654 865 887 905 scribebat
908 865 1062 917 Praga
1089 866 1176 906 13.ἰι
1195 866 1490 917 Novembris,
1519 868 1635 908 1578:
1662 869 1729 908 “A

95 949 167 977 me
188 937 415 977 conviene
435 937 481 977 di
509 942 730 976 trattarse
760 948 848 976 con
876 937 1001 976 assai
1034 936 1307 977 confidenza
1338 940 1411 978 col
1442 939 1604 990 signor
1635 952 1728 979 am-

94 1009 359 1049 basciatore
381 1008 428 1048 di
448 1007 654 1060 Spagna,
679 1008 764 1048 che
787 1012 812 1047 'e
833 1010 931 1058 qui,
957 1009 1128 1059 perche
1162 1009 1439 1050 altramente
1470 1010 1514 1049 io
1543 1012 1729 1062 saperei

95 1080 198 1120 dell¹
218 1080 471 1120 intrinseco
494 1080 619 1120 assai
645 1091 776 1130 poco,
809 1091 903 1119 1100
930 1079 1145 1119 havendo
1173 1080 1361 1120 nessun’
1394 1082 1513 1121 altro
1544 1082 1568 1121 l’
1601 1082 1729 1121 adito

97 1163 228 1191 come
250 1150 295 1191 S.
327 1150 372 1191 S.
405 1150 513 1202 (Sua
539 1149 774 1201 Signoria‚
806 1162 871 1190 sc.
900 1149 1125 1201 Legatus)
1155 1151 1200 1192 di
1228 1158 1327 1192 star
1354 1158 1472 1192 tutto
1504 1153 1535 1192 il
1562 1153 1729 1204 giorno

95 1223 211 1262 hora
232 1234 320 1262 con
341 1223 367 1261 l'
392 1223 674 1273 imperatore
695 1222 812 1261 hora
833 1233 922 1261 con
941 1222 968 1261 l’
989 1221 1288 1272 imperatrice
1310 1222 1728 1263 domesticamente

98 1300 142 1334 et
163 1305 294 1334 come
315 1293 362 1333 di
383 1294 483 1333 loro
507 1299 636 1333 corte
658 1291 713 1343 ².‚‚

176 1365 278 1404 Hac
299 1365 487 1404 tandem
508 1364 742 1415 legatione
762 1363 1051 1415 perfunctus,
1076 1376 1199 1404 anno
1226 1364 1348 1415 1581,
1373 1365 1728 1417 Imperatricem

96 1436 309 1484 Mariam,
342 1435 543 1487 Philippi
573 1435 613 1475 ΙΙ
642 1446 868 1485 sororem,
902 1434 1032 1485 cujus
1063 1435 1228 1475 domus
1262 1448 1471 1477 summus
1502 1437 1730 1488 Magister

95 1507 249 1548 fuerat
270 1507 564 1558 designatus,
588 1508 635 1547 in
662 1507 941 1558 Hispaniam
965 1507 1214 1547 comitatus
1242 1514 1325 1548 est.
1359 1508 1460 1559 Quo
1489 1509 1536 1549 in
1567 1509 1732 1549 itinere

95 1584 342 1630 sequentes
362 1579 541 1619 litteras
562 1578 761 1630 Philippi
782 1578 820 1617 ΙΙ
841 1577 1105 1618 Secretario
1128 1577 1269 1619 dedit.

763 1932 1071 1974 LITTERAE

435 2160 623 2194 JOANNIs
643 2160 802 2193 BORJIA
823 2159 928 2186 mro.
953 2159 1115 2192 JoANNl
1136 2159 1197 2186 DE
1218 2151 1389 2186 ZUSJIGA

185 2432 334 2473 “Ilmo.
359 2445 389 2484 y
409 2432 603 2472 Excmo.
627 2431 789 2472 Sefior.
813 2431 957 2472 Como
979 2432 1039 2472 V.
1060 2432 1113 2472 E.
1137 2432 1285 2472 habra
1314 2431 1562 2472 entendido
1584 2443 1670 2483 por
1692 2433 1737 2472 10

103 2516 191 2556 que
223 2503 282 2550 D.
311 2503 495 2544 Guillen
524 2504 579 2543 de
607 2503 721 2544 Sant
749 2502 984 2544 Clemente
1012 2504 1072 2543 ha
1100 2503 1294 2553 escrito,
1326 2504 1370 2542 13
1398 2502 1692 2554 Emperatriz
1722 2503 1739 2521 ⁵

101 2575 251 2627 partio
273 2575 328 2615 de
350 2574 504 2626 Praga
526 2576 729 2626 primero
751 2574 806 2614 de
826 2574 1030 2625 Agosto,
1054 2574 1379 2626 acompafiada
1406 2573 1462 2614 de
1492 2586 1571 2614 sus
1598 2573 1735 2625 hijos,

101 2648 144 2687 el
163 2646 468 2698 Archiduque
489 2647 702 2697 Ernesto,
726 2645 873 2686 Reina
895 2646 951 2686 de
972 2646 1189 2695 Francia,
1214 2648 1238 2685 e
1254 2645 1439 2685 Infanta
1456 2645 1596 2686 Dofia
1613 2646 1737 2686 Mar-

101 2718 272 2770 garita,
294 2731 326 2769 y
347 2718 467 2768 llego
501 2721 527 2757 a
560 2716 711 2757 Viena
739 2720 765 2757 a
794 2719 863 2757 los
894 2717 961 2768 10,
994 2728 1105 2768 muy
1131 2717 1298 2768 buena3
1328 2729 1359 2768 y
1387 2727 1570 2768 aunque
1592 2722 1741 2768 penso

158 2856 166 2875 ¹
207 2855 347 2889 Ibidem,
363 2863 438 2890 pag.
456 2856 516 2883 136.

157 2904 170 2922 ‘-'
207 2904 345 2935 Ibidem.
362 2911 440 2938 pag.
457 2904 522 2932 2421.

156 2954 170 2972 5
206 2951 412 2986 Imperatrix
426 2951 546 2984 Maria,
562 2950 783 2979 Maximiliani
800 2950 842 2981 ΙΙ,
861 2950 1079 2984 Imperatoris
1096 2957 1190 2976 uxor.
