1969 3293
744 120 860 156 Ama
888 128 1149 156 DOCUMENTA
1692 112 1763 149 7-13

130 226 242 270 tum,
265 218 525 269 legitimum
547 223 589 256 et
612 215 941 264 indubitatum,
974 220 1157 263 actore,
1186 212 1413 252 factorem
1445 216 1488 250 et
1516 210 1764 260 negotioru

130 293 350 330 nostroru
388 287 745 338 infrascriptoru
784 292 971 336 gestore
993 317 999 334 ,
1050 296 1104 323 ac
1150 283 1372 323 nuncium
1419 281 1668 332 specialem
1710 293 1765 320 ac

130 362 319 412 gnlem.,
343 359 406 399 ita
428 365 551 398 tame
579 358 701 408 quod
722 357 939 407 gnalitas.
970 354 1248 407 specialitati
1277 365 1370 392 non
1393 352 1627 402 derroget‚
1658 363 1764 402 neq.

130 444 154 472 e
177 438 356 481 contra,
379 441 466 470 vos
490 429 614 469 Ill.em
636 428 728 468 don
748 427 1004 467 federicum
1026 426 1080 465 de
1102 425 1321 476 portugal
1338 423 1531 463 militem
1548 423 1761 473 imperia-

129 503 220 543 lem
242 501 422 542 curiam
441 505 677 550 sequente,
703 497 1065 548 absentem,ficzt
1080 499 1228 547 provt
1244 495 1294 534 in
1314 494 1465 534 simili
1482 497 1663 544 recepto
1681 493 1768 531 snb

130 573 203 613 die
225 571 362 623 xxj.⁰
384 570 527 611 mesz’s
549 569 718 610 martii
730 568 957 620 proxime
968 566 1225 619 praeteriti
1238 565 1511 606 continuato
1529 564 1577 603 in
1599 563 1763 615 quinto

132 644 382 696 qm'nterno
399 641 672 694 praesentis
688 639 930 692 protocolz'
951 639 1106 691 quoad
1127 637 1284 678 omnia
1303 635 1501 676 mutatis
1518 634 1762 675 mutandis

132 726 237 766 vsq.
272 714 321 755 δε.
863 760 874 769 ο

211 785 419 826 Fuerunt
441 790 547 824 acta
574 782 624 834 jn
652 783 822 834 oppido
844 781 1055 823 Gandiae
1077 781 1149 821 die
1180 779 1361 819 decimo
1392 786 1557 829 quarto
1588 777 1760 817 mensis

133 857 258 911 Junii
280 867 402 896 anno
425 867 451 895 a
481 855 616 895 nati.e
639 855 731 894 dni.
756 854 816 894 M.
841 854 898 893 D.
933 851 1306 904 Quadragesimo
1328 850 1525 900 septimo
1547 836 1766 909 Pz—:mam

133 929 280 970 nostri
303 928 394 968 don
416 927 572 968 Caroli
592 926 648 966 de
669 925 783 977 borj.
808 924 1095 965 marchionis
1123 923 1179 963 de
1206 922 1395 972 lombay
1425 920 1651 972 praedicti
1686 919 1765 970 qui

83 1030 88 1033 .
133 1001 250 1040 haec
271 987 531 1049 laudamuS‚
557 997 857 1037 concedimus
880 1002 923 1036 et
951 994 1204 1035 firmamus.

427 1069 638 1121 proxime
659 1068 785 1108 dicti.

784 1260 892 1288 Dictis
907 1259 960 1288 die
976 1265 1009 1287 et
1024 1267 1123 1287 anno.

217 1427 267 1468 In
289 1426 454 1467 christi
475 1424 620 1476 ejusq.
644 1423 887 1475 genitricis
908 1432 1139 1473 semperq.
1159 1420 1362 1471 virginis
1379 1420 1556 1460 mariae
1574 1419 1767 1459 nomini-

136 1500 223 1540 bus
244 1495 595 1550 gloriosissimis
615 1494 880 1545 benigniter
900 1493 1148 1533 inuocatis:
1171 1491 1396 1532 Nouerint
1417 1490 1627 1530 vniuersi
1644 1489 1769 1541 quod

136 1582 238 1620 nos,
262 1570 417 1610 donna
444 1567 640 1608 [sabella
674 1566 729 1606 de
756 1564 909 1616 borja,
933 1564 1202 1613 domicella,
1233 1562 1326 1602 filia
1346 1562 1649 1602 Illustrissimi
1677 1561 1769 1601 don

135 1641 359 1682 francisci
385 1640 442 1680 de
467 1638 624 1690 borja,
655 1637 787 1677 ducis
817 1635 1053 1684 Gandiae,
1084 1633 1375 1674 marchionis
1403 1634 1458 1673 de
1493 1633 1681 1684 lombay
1718 1632 1767 1669 ἃ.

136 1713 337 1753 scienter
359 1716 403 1751 et
425 1709 575 1761 gratis
595 1715 757 1749 tenore
778 1707 1009 1759 presentis
1037 1706 1210 1756 publici
1232 1705 1381 1745 instri.
1417 1707 1469 1744 ut
1490 1708 1641 1754 supra
1663 1714 1766 1754 vsq.

134 1784 182 1824 in
202 1782 438 1836 presentia
462 1787 506 1821 et
527 1781 582 1820 de
603 1780 847 1820 voluntate
868 1777 1067 1830 praefati
1087 1776 1393 1817 Illustrissimi
1422 1774 1514 1815 don
1543 1774 1767 1815 francisci

136 1855 192 1895 de
223 1853 384 1906 Borja,
415 1852 548 1893 ducis
570 1850 797 1901 Gandiae,
835 1856 879 1890 et
909 1848 1192 1889 marchionis
1221 1847 1276 1887 de
1308 1847 1511 1898 lombay,
1544 1846 1774 1897 genitoris

137 1926 285 1967 nostri
321 1922 758 1971 obseruandissimi‚
792 1921 992 1961 facimus
1021 1924 1073 1960 vt
1102 1925 1253 1970 snpra
1285 1929 1388 1969 vsq.
1425 1929 1511 1957 vos
1540 1917 1771 1957 Illustrem

138 1999 230 2039 don
265 1996 473 2037 federici]
507 1995 563 2035 de
597 1994 837 2046 portugal,
875 1993 1066 2032 militem
1097 1990 1386 2042 imperialem
1420 1989 1552 2029 curia
1579 1999 1772 2039 sequen-

138 2078 245 2119 tem,
271 2069 526 2115 absentem,
539 2066 637 2118 flat
652 2068 802 2117 provt
823 2064 873 2104 z'n
892 2063 1042 2103 simili
1057 2065 1239 2113 recepto
1265 2060 1337 2100 dz'e
1360 2059 1461 2111 xxj
1481 2059 1628 2099 mesz's
1649 2070 1773 2098 mar-

138 2140 197 2181 tz'z'
216 2139 444 2192 proxime
458 2136 686 2189 preteriti
701 2135 976 2176 continuato
997 2135 1047 2174 in
1068 2133 1230 2185 quinto
1258 2132 1509 2183 qzcc'nterno
1531 2129 1776 2182 presentis

140 2211 384 2264 protocoli,
422 2209 575 2261 quoad
606 2208 782 2258 omnia,
813 2207 1004 2247 mutatis
1031 2203 1266 2245 mutandis
1295 2214 1396 2254 vsq.
1427 2202 1558 2254 Quae
1586 2201 1773 2241 suerunt

141 2288 246 2322 acta
269 2282 315 2322 in
337 2280 508 2332 oppido
529 2279 732 2331 gandiae
754 2278 827 2318 die
847 2276 944 2328 xiiij
967 2276 1139 2316 mensis
1159 2274 1284 2327 Junii
1311 2285 1434 2313 anno
1457 2285 1484 2312 a
1514 2273 1650 2313 nati.e
1678 2272 1772 2312 dni.

140 2353 202 2394 M.
225 2352 284 2393 D.
307 2350 546 2402 xxxxvij.⁰
567 2338 785 2413 P3—2-:nam
800 2348 949 2389 nostri
964 2348 1147 2387 donnae
1164 2345 1389 2386 Isabellae
1406 2344 1462 2384 de
1482 2343 1615 2395 borja
1633 2343 1775 2384 domi-

142 2423 285 2464 cellae
307 2420 577 2474 praedictae
599 2433 718 2473 quae
739 2421 855 2461 haec
872 2419 1119 2460 laudamus
1141 2415 1441 2457 concedimus
1457 2421 1502 2455 et
1519 2415 1775 2455 firmamus.

434 2493 513 2545 qui
535 2504 691 2544 supra.

866 2685 966 2712 Dicta
988 2685 1052 2711 die.

224 2848 363 2888 Fiant
383 2847 646 2887 consimilia
668 2846 831 2886 instra.
855 2845 1191 2896 procurationi]
1212 2850 1261 2882 vt
1282 2842 1330 2882 in
1360 2842 1507 2883 tribus
1527 2842 1777 2895 preceden-

148 2920 270 2960 tibus
287 2918 479 2959 mutatis
496 2917 745 2967 mutandis,
762 2917 806 2956 in
825 2916 991 2967 quibus
1008 2914 1318 2954 constituatur
1334 2920 1611 2964 procurator
1628 2913 1776 2953 hiero·
