2063 3283
299 221 369 258 104
844 217 889 254 S.
920 217 1193 254 FRANfflscus
1221 216 1395 254 BORGIA

296 318 369 358 nis
392 317 555 368 quibus
579 314 780 354 voluerit
802 312 1107 363 consignare,
1132 312 1299 352 cedere
1321 319 1366 352 et
1386 319 1710 365 transportare
1732 320 1776 353 et
1798 325 1937 365 super

298 387 434 427 dictis
463 384 760 425 censualibus
791 388 835 422 et
868 383 1015 422 altero
1046 382 1248 431 illorum,
1279 384 1496 424 censuale
1525 396 1606 424 seu
1629 385 1866 424 censualia
1895 390 1939 424 et

298 458 389 497 alia
421 467 564 496 onera
594 466 705 494 suae
737 453 1043 493 dominationi
1069 454 1187 493 bene
1213 453 1317 493 visa
1349 455 1614 506 specialiter
1644 462 1689 496 et
1718 467 1939 507 expresse

296 529 537 578 imponere
555 532 599 565 et
617 525 902 576 generaliter
918 531 1159 577 tamquam
1176 525 1299 564 bona
1316 537 1400 566 sua
1418 526 1639 577 obligare.
1659 527 1716 567 Et
1733 526 1788 566 de
1809 539 1939 578 prae-

297 599 432 638 dictis
461 597 759 637 censualibus
781 602 826 636 et
848 597 996 636 altero
1018 596 1204 636 illorum
1224 596 1271 636 in
1298 602 1446 636 totum
1473 598 1549 637 vel
1575 598 1621 637 in
1648 604 1831 649 partem
1859 609 1940 637 seu

296 669 507 721 partibus
529 668 736 716 illorum,
761 679 991 719 personae
1014 679 1096 707 seu
1123 668 1338 719 personis
1366 679 1477 708 suae
1498 668 1804 708 dominationi
1824 669 1939 708 bene

295 740 410 780 visis
433 751 518 791 pro
538 740 690 791 pretio
715 751 799 779 seu
822 739 984 791 pretiis
1006 738 1170 790 quibus
1192 739 1408 789 voluerit,
1432 751 1523 779 uno
1540 740 1848 780 instrumento
1865 740 1941 780 vel

296 811 527 863 pluribus,
560 810 879 851 venditionem
912 822 993 850 seu
1021 810 1334 858 venditiones,
1368 810 1674 850 alienationes
1704 817 1747 851 et
1779 811 1940 851 seudo-

294 882 511 922 nationes
547 881 704 921 facere
741 888 785 922 et
813 882 1015 933 pretium
1051 893 1132 921 seu
1162 881 1312 933 pretia
1342 882 1574 932 recipere,
1605 887 1649 921 et
1680 882 1735 922 de
1766 882 1942 922 eisdem

297 954 509 1005 apochas
532 953 734 1002 firmare,
760 959 803 993 et
823 953 924 1004 ipsa
940 953 1091 1004 pretia
1114 964 1197 992 seu
1217 952 1419 1004 pretium
1440 953 1487 992 in
1508 964 1618 992 suas
1634 953 1942 993 necessitates

296 1032 342 1066 et
362 1037 476 1065 usus
498 1025 585 1065 sibi
605 1025 723 1065 bene
745 1025 875 1064 visos
903 1030 1179 1064 convertere
1211 1030 1255 1064 et
1277 1024 1332 1063 de
1359 1023 1613 1075 praedictis
1646 1024 1941 1064 censualibus

294 1103 341 1137 et
363 1098 510 1137 altero
532 1097 718 1136 illorum
740 1102 785 1136 et
805 1102 941 1147 parte
963 1108 1045 1136 seu
1066 1096 1278 1148 partibus
1299 1096 1528 1147 ipsorum,
1552 1101 1648 1135 tam
1669 1095 1716 1135 in
1736 1096 1940 1147 proprie-

293 1174 390 1208 tate
410 1180 551 1220 quam
568 1169 615 1207 in
632 1168 950 1219 pensionibus,
971 1167 1030 1207 ad
1047 1179 1157 1207 suas
1176 1167 1469 1206 omnimodas
1485 1167 1752 1207 voluntates
1768 1166 1939 1215 facere,

296 1240 544 1291 disponere
569 1246 613 1279 et
638 1239 856 1279 ordinare
874 1269 880 1287 ,
905 1244 1001 1278 tam
1024 1239 1144 1278 inter
1164 1238 1303 1278 vivos
1324 1250 1464 1289 quam
1485 1238 1531 1277 in
1551 1238 1713 1278 ultima
1741 1237 1839 1289 ejus
1860 1249 1940 1278 vo-

292 1312 489 1359 luntate,
510 1317 761 1362 praesente
779 1310 1030 1349 donatione
1047 1310 1181 1350 vobis
1198 1309 1410 1361 praefato
1429 1309 1621 1360 egregio
1637 1308 1868 1348 Roderico
1885 1308 1942 1348 de

294 1381 438 1434 Borja
458 1382 605 1430 facta,
631 1382 677 1421 in
699 1382 857 1433 aliquo
878 1393 973 1421 non
994 1381 1230 1429 obstante,
1255 1381 1478 1432 quoniam
1498 1381 1545 1420 in
1567 1392 1682 1420 casu
1712 1392 1795 1420 seu
1826 1381 1941 1420 casi-

294 1454 380 1494 bus
411 1454 579 1505 quibus
614 1454 713 1505 ipse
758 1453 1043 1505 supradictis
1082 1452 1383 1493 facultatibus
1424 1452 1490 1492 uti
1523 1453 1724 1492 voluerit
1765 1458 1809 1492 et
1849 1463 1942 1491 non

296 1526 434 1574 alias,
458 1526 584 1565 bona
605 1532 650 1565 et
673 1525 915 1565 censualia
936 1524 1180 1576 praedicta
1201 1524 1242 1564 ei
1264 1530 1307 1564 et
1334 1525 1430 1564 suis
1452 1524 1646 1572 donata,
1680 1524 1816 1575 pleno
1841 1523 1942 1575 jure

294 1609 399 1637 esse
417 1596 608 1637 intendo
626 1597 736 1637 volo
756 1602 801 1636 et
818 1597 1020 1636 decerno
1038 1608 1093 1636 ac
1111 1608 1217 1636 cum
1238 1595 1475 1647 praesenti
1491 1596 1614 1635 dono
1637 1601 1682 1635 et
1703 1601 1941 1646 transpor-

295 1675 357 1720 to‚
383 1674 633 1720 praesente
657 1667 908 1708 donatione
930 1668 977 1707 in
1005 1667 1159 1719 aliquo
1181 1679 1274 1707 non
1301 1666 1581 1718 impediente
1601 1678 1688 1706 nec
1710 1667 1939 1717 obstante,

294 1753 403 1781 cum
423 1745 722 1792 praesentem
740 1739 1042 1779 donationem
1059 1740 1167 1779 volo
1187 1739 1330 1778 robur
1351 1738 1672 1789 plenissimum
1693 1744 1737 1778 et
1758 1737 1940 1777 firmam

292 1812 572 1852 facultatem
593 1811 765 1851 habere
788 1817 832 1851 et
853 1817 1011 1851 tenere
1034 1816 1216 1850 tantum
1238 1810 1285 1850 in
1312 1810 1437 1849 omni
1463 1821 1518 1849 eo
1547 1809 1669 1860 quod
1695 1821 1777 1861 per
1805 1820 1939 1849 suam

291 1883 554 1936 praefatam
576 1883 942 1923 dominationem
957 1888 1252 1933 revocatum,
1278 1882 1544 1929 alienatum,
1565 1886 1937 1932 transportatum

294 1961 339 1995 et
360 1967 443 1995 seu
466 1961 698 1995 mutatum
720 1967 813 1994 non
833 1954 972 1994 fuerit
993 1960 1037 1994 et
1061 1966 1154 1994 non
1176 1954 1310 1993 aliter
1332 1964 1418 1993 nec
1441 1953 1571 2001 alias,
1595 1958 1639 1992 et
1662 1964 1768 1992 cum
1787 1952 1940 2003 pactis

294 2033 338 2067 et
362 2027 709 2067 conditionibus
731 2027 1015 2078 supradictis
1038 2031 1335 2077 praesentem
1352 2025 1486 2064 vobis
1502 2024 1622 2064 facio
1640 2023 1939 2064 donationem

293 2105 339 2139 et
361 2111 457 2138 non
479 2099 614 2138 aliter
635 2111 721 2138 nec
743 2098 873 2138 alias
900 2098 970 2138 En
991 2098 1150 2138 virtud
1172 2097 1227 2137 de
1248 2097 1319 2137 las
1336 2097 1493 2137 cuales
1510 2096 1729 2147 palabras
1745 2108 1777 2146 y
1794 2094 1939 2146 poder

292 2182 381 2222 por
405 2171 616 2221 aquellas
637 2183 667 2221 y
689 2182 774 2221 por
795 2170 840 2209 la
862 2169 999 2209 dicha
1021 2169 1252 2209 donacion
1273 2171 1300 2208 a
1321 2179 1408 2208 nos
1430 2167 1660 2207 atribuido
1683 2180 1713 2218 y
1735 2166 1936 2214 donado,

292 2247 505 2282 tenemos
526 2242 665 2292 pleno
688 2254 719 2292 y
740 2242 956 2281 bastante
982 2240 1130 2292 poder
1158 2240 1213 2280 de
1242 2239 1384 2279 hacer
1414 2252 1445 2290 y
1472 2238 1674 2278 ordenar
1703 2238 1773 2277 las
1803 2248 1939 2277 cosas

295 2313 452 2353 arriba
474 2325 560 2364 por
583 2325 672 2352 nos
690 2312 1040 2364 especificadas.
1062 2311 1154 2351 Por
1169 2323 1248 2352 eso
1265 2311 1626 2362 primeramente
1643 2320 1937 2357 revocamos,

295 2396 513 2425 casamos
530 2398 561 2436 y
581 2386 827 2424 anulamos
843 2385 887 2424 la
904 2384 1042 2423 dicha
1059 2383 1290 2423 donacion
1305 2382 1455 2421 hecha
1471 2393 1557 2432 por
1571 2381 1613 2420 el
1627 2381 1763 2420 dicho
1777 2379 1941 2420 Mosen

292 2456 443 2509 Jaime
465 2457 501 2496 F
505 2457 703 2506 iliberto,
733 2457 777 2496 la
800 2457 905 2496 cual
926 2467 987 2507 ya
1015 2467 1100 2507 por
1129 2455 1174 2494 la
1201 2454 1431 2494 escritura
1459 2453 1514 2492 de
1539 2452 1823 2492 revocacion
1853 2462 1940 2503 por

293 2539 381 2567 nos
403 2540 460 2568 en
482 2529 522 2567 el
551 2534 771 2579 presente
801 2527 877 2567 dia
904 2527 1056 2567 hecha
1085 2538 1142 2565 en
1169 2525 1316 2577 poder
1344 2525 1417 2564 del
1442 2524 1626 2563 notario
1654 2522 1938 2571 infrascrito,

292 2600 354 2640 ha
376 2600 478 2639 sido
502 2599 741 2639 revocada
764 2611 794 2650 y
818 2598 1034 2649 anulada‚
1059 2599 1207 2648 segun
1224 2599 1324 2636 mas
1344 2597 1636 2646 largamente
1661 2606 1717 2634 en
1737 2595 1781 2634 la
1803 2593 1941 2634 dicha

293 2672 525 2711 escritura
548 2671 603 2710 de
626 2671 910 2711 revocacion
931 2673 957 2709 a
979 2671 1022 2710 la
1045 2670 1149 2709 cual
1169 2680 1254 2708 nos
1277 2655 1520 2708 referimos
1550 2669 1650 2706 esta
1675 2665 1937 2705 contenido.

294 2743 379 2782 Asi
402 2755 489 2793 que
511 2743 580 2782 los
611 2742 775 2782 dichos
804 2742 1017 2782 censales
1044 2754 1074 2792 y
1105 2740 1223 2780 cada
1257 2751 1348 2778 uno
1378 2739 1433 2778 de
1464 2738 1675 2789 aquellos
1701 2736 1886 2788 quedan
1913 2739 1940 2776 a

295 2814 581 2865 disposition
611 2820 823 2859 nuestra,
857 2826 889 2864 y
917 2812 972 2852 de
1001 2812 1208 2862 aquellos
1235 2823 1266 2862 y
1295 2810 1350 2849 de
1379 2809 1497 2849 cada
1526 2820 1617 2848 uno
1648 2808 1703 2848 de
1732 2808 1940 2859 aquellos

294 2886 521 2937 podemos
544 2886 765 2937 disponer
787 2898 817 2936 y
841 2885 1043 2924 ordenar
1072 2886 1098 2923 a.
1126 2882 1239 2922 toda
1266 2887 1457 2921 nuestra
1486 2880 1600 2920 libre
1627 2880 1866 2919 voluntad.
1897 2878 1939 2918 Y

292 2956 474 2996 usando
497 2957 552 2996 de
573 2957 618 2996 la
641 2957 777 2996 dicha
799 2955 1006 2996 facultad
1028 2967 1085 2995 en
1106 2954 1216 2995 toda
1240 2953 1422 3005 aquella
1445 2950 1591 3002 mejor
1612 2953 1712 3001 via,
1736 2950 1887 2990 forma
1908 2962 1940 3000 y

294 3040 489 3069 manera
511 3042 599 3081 que
622 3029 846 3081 podemos
868 3041 898 3080 y
920 3029 1153 3073 debemos.
1180 3026 1411 3066 donamos
1432 3037 1461 3076 y
1489 3025 1701 3073 legamos
1729 3023 1773 3062 al
1803 3021 1940 3062 dicho
