1969 3293
643 239 847 276 FRATRES
874 250 930 277 Ac
957 239 1171 278 SORORES.
1656 242 1727 279 443

93 322 152 362 de
174 328 276 363 otra
297 334 491 363 manera
512 323 642 364 fuera
664 336 776 376 muy
796 336 915 376 gran
943 325 1080 365 dicha
1108 339 1138 377 y
1165 326 1351 366 merced
1378 338 1493 377 para
1524 332 1722 366 entram-

95 382 199 443 bos,
226 405 313 445 que
335 393 420 433 VJ*
440 393 605 434 Alteza
622 407 671 435 se
693 395 895 446 quisiera
916 396 1068 436 servir
1089 397 1144 436 de
1162 408 1273 436 cosa
1295 408 1382 448 que
1403 403 1482 436 tan
1504 409 1622 448 poco
1644 397 1722 437 im-

95 470 252 516 porta;
276 476 389 516 pues
410 477 468 505 no
500 466 638 506 (16560
661 477 773 506 cosa
795 469 895 506 mas
916 479 1032 518 para
1054 467 1116 507 mi
1144 468 1443 507 consolacion
1474 479 1561 518 que
1590 467 1724 507 todos

94 536 182 576 mis
217 535 335 586 hijos
370 537 581 587 empleen
615 549 695 577 sus
728 549 956 588 personas
990 551 1020 590 y
1059 550 1137 578 sus
1171 539 1307 578 vidas
1344 551 1399 578 en
1434 539 1633 579 servicio
1669 539 1724 578 de

93 607 179 647 V.a
200 607 388 658 Alteza,
414 619 546 648 como
568 620 621 648 su
641 609 786 660 padre
807 610 851 649 10
873 609 976 649 hizo
998 622 1055 649 en
1076 611 1117 650 61
1138 610 1194 650 (16
1215 622 1269 650 su
1291 609 1520 661 Majestad
1547 610 1657 650 todo
1684 611 1725 650 61

91 679 264 730 tiempo
281 690 367 730 que
388 679 531 719 vivic.
554 679 598 719 Y
616 691 793 732 porque
814 682 855 721 61
876 681 1078 721 Maestre
1100 681 1159 721 da
1179 685 1280 721 mas
1301 682 1434 732 larga
1467 687 1635 721 cuenta
1667 693 1724 721 en

92 761 147 789 su
168 749 393 801 disculpa,
420 761 480 789 no
496 750 540 790 13
563 749 674 790 dare
700 762 761 802 yo
782 763 866 803 por
887 763 948 791 no
971 752 1262 804 importunas
1285 756 1311 792 a
1332 752 1417 792 VJ
1439 741 1603 792 Alteza
1635 763 1725 791 con

92 824 195 860 mas
215 820 474 872 prolijidad.
497 821 628 873 Cuya
649 833 761 873 muy
778 823 872 862 alta
892 835 924 874 y
942 834 1053 874 muy
1068 823 1300 874 poderosa
1316 835 1516 875 persona
1534 829 1724 864 nuestro

90 891 242 932 Sefior
264 892 444 944 guarde
464 904 551 944 por
572 905 684 945 muy
705 894 865 944 largos
884 907 915 946 y
937 895 1042 934 bien
1062 895 1381 935 aventurados
1403 899 1517 935 afios
1539 907 1628 935 con
1650 907 1725 935 en-

91 972 193 1004 tera
209 963 440 1004 felicidad.

171 1034 241 1075 De
262 1035 492 1075 Valencia
513 1038 540 1075 3
561 1036 612 1076 26
629 1036 684 1076 (16
705 1035 866 1076 Marzo
888 1037 944 1077 de
969 1036 1083 1076 1549.

171 1106 242 1146 De
263 1106 349 1147 V.a
371 1106 536 1148 Alteza
556 1108 738 1148 vasalla
758 1121 789 1159 y
811 1108 972 1148 criada
989 1120 1076 1159 que
1097 1109 1165 1149 los
1188 1109 1337 1148 reales
1358 1108 1456 1160 pies
1474 1109 1529 1148 (16
1547 1108 1631 1149 V.a
1647 1108 1724 1148 Al-

93 1183 195 1218 teza
217 1178 342 1227 besa,

713 1324 784 1365 LA
815 1337 974 1365 TRISTE
1005 1325 1231 1370 DUQUESA
1263 1336 1323 1364 DE
1355 1323 1561 1364 GANDI'A.

169 1537 252 1587 (In
274 1537 496 1588 generali
513 1538 552 1577 A
560 1538 738 1578 rcln'vz'o
763 1538 1070 1590 Septz'manc.)

142 1763 358 1792 MAGISTRI
384 1765 646 1792 MONTESIAE
673 1764 969 1792 CONSUETUDO
998 1765 1089 1792 CUM
1115 1766 1151 1793 5.
1182 1765 1369 1793 IGNATIO
1397 1766 1457 1793 DE
1486 1766 1670 1794 LOYOLA

170 1965 333 2016 Magni
363 1978 411 2006 56
438 1965 685 2006 Societatis
716 1966 1009 2007 conditorem
1037 1967 1194 2008 facere
1230 1968 1432 2008 ostendit
1467 1967 1725 2007 Montesiae

89 2036 317 2088 Magister
340 2037 387 2077 in
408 2037 625 2088 epistola,
650 2049 790 2089 quam
810 2049 921 2078 mox
951 2037 1263 2089 subjiciemus.
1296 2038 1347 2078 In
1376 2050 1431 2079 ea
1460 2039 1615 2079 cordis
1644 2039 1723 2078 im-

88 2108 286 2159 pulsum,
312 2120 403 2160 quo
424 2108 471 2148 in
491 2120 551 2148 no
563 2120 668 2148 vum
686 2109 812 2149 vitae
829 2114 1004 2149 statum
1018 2108 1130 2150 ferri
1152 2121 1200 2149 56
1222 2109 1361 2150 sentit
1382 2109 1448 2159 (la
1470 2121 1625 2149 mteva
1647 2120 1723 2149 vo-

90 2179 286 2230 (πίονι),
307 2179 370 2218 ita
396 2179 566 2230 Ignatii
587 2179 804 2231 precibus
825 2181 924 2220 vult
945 2181 1323 2221 commendatum
1343 2187 1392 2221 ut
1413 2181 1479 2232 id,
1513 2182 1572 2221 ad
1603 2182 1725 2233 quod

91 2249 390 2290 obtinendum
411 2250 575 2290 vocari
597 2262 624 2290 3
645 2250 745 2290 Deo
767 2262 816 2290 se
837 2257 991 2302 putat,
1016 2257 1114 2292 tum
1143 2252 1328 2292 demum
1360 2252 1586 2301 obtineat,
1621 2263 1726 2292 cum

89 2319 137 2360 in
156 2319 306 2371 majus
327 2320 473 2372 ipsius
502 2321 590 2361 Dei
624 2321 898 2373 obsequium
925 2322 1091 2363 cedere
1118 2322 1348 2363 videatur.
1378 2322 1540 2363 Novus
1570 2329 1726 2363 autem

90 2390 166 2430 hic
193 2397 344 2431 status
373 2403 454 2432 seu
490 2404 645 2432 mtevcz
681 2392 930 2444 vocacz‘on,
960 2393 1146 2434 videtur
1177 2406 1279 2434 esse
1308 2394 1526 2446 Magistri
1557 2405 1726 2434 connu-

90 2462 237 2514 bium,
262 2463 318 2503 de
339 2475 429 2514 quo
451 2464 591 2514 paulo
613 2463 806 2504 inferius
828 2475 1039 2515 agemus.
1063 2465 1269 2506 Litteras
1289 2465 1375 2506 has
1404 2465 1636 2517 Ignatius‚
1670 2466 1727 2505 si·

91 2533 276 2584 quidem
298 2546 378 2574 eas
400 2534 601 2586 accepit,
624 2535 788 2586 paucis
817 2536 999 2587 accepit
1027 2536 1188 2577 diebus
1216 2542 1324 2577 ante
1352 2548 1492 2588 quarn
1520 2536 1619 2588 ejus
1649 2537 1727 2588 pia

90 2604 353 2658 devotaque
374 2605 474 2646 Deo
497 2606 652 2646 anima
675 2606 721 2646 in
742 2607 924 2648 coelum
946 2609 1170 2649 evolaret.
