1969 3293
238 234 310 271 304
803 230 846 268 S.
876 230 1112 268 FRANCISCI
1139 230 1311 269 BORolA

241 328 422 368 filiabus
443 332 556 366 natu
578 324 805 376 majorem
826 326 1080 377 exstitisse3
1101 338 1155 366 ea
1177 327 1300 367 enim
1321 327 1472 379 primo
1488 328 1592 367 loco
1610 328 1875 368 nominatur

241 397 522 439 unanimiter
552 408 578 436 a
613 397 920 449 scriptoribus
956 404 1000 437 et
1027 398 1229 449 primum
1257 398 1397 438 etiam
1432 398 1550 438 inter
1579 398 1697 438 filias
1724 400 1876 439 locum

241 476 366 509 tenet
388 469 434 508 in
455 469 620 509 matris
642 459 937 508 testamento.

320 540 370 580 In
388 552 441 580 eo
466 546 622 580 autem
643 545 922 580 testamento
943 552 1087 580 unum
1109 547 1179 580 est
1206 546 1369 581 notatu
1390 552 1502 581 Vere
1523 541 1729 592 dignum,
1760 541 1875 581 scili—

238 618 326 662 cet,
351 611 603 652 Dominam
622 611 854 664 Joannam
872 612 928 651 de
950 610 1148 662 Aragon
1167 612 1275 652 huic
1297 612 1418 652 filiae
1439 612 1618 653 Mariae
1640 618 1875 653 tercentos

239 694 408 723 aureos
429 683 692 734 relinquere
714 688 764 722 ut
784 682 1064 733 religionem
1098 683 1405 734 ingrediatur,
1430 683 1511 723 sed
1538 684 1603 723 ita
1624 690 1688 734 ut,
1719 684 1759 723 si
1784 695 1878 723 non

239 755 547 806 ingrediatur,
585 766 666 794 eos
706 755 895 794 minime
930 754 1150 805 attingat3
1190 754 1299 794 dum
1333 767 1358 794 e
1393 760 1558 795 contra
1591 754 1709 794 filias
1744 754 1874 805 alias,

239 826 428 866 Annam
457 833 501 866 et
531 826 794 876 Elisabeth,
831 826 871 866 si
905 825 1255 866 matrimonium
1284 826 1587 876 contrahant,
1618 826 1747 866 dotat
1775 825 1876 865 soli-

236 899 406 938 dorum
438 897 668 947 (sneldos)
692 897 932 948 octoginta
964 897 1182 948 millibus,
1216 897 1397 948 quibus,
1426 902 1598 947 tamen,
1628 897 1666 937 si
1695 896 1877 947 religio-

237 980 343 1009 nem
360 968 732 1020 ingrederentur,
753 974 908 1008 essent
925 968 1200 1020 privandae.
1219 967 1456 1019 Spoliatur
1469 967 1658 1019 insuper
1675 967 1827 1008 Maria
1850 979 1876 1007 a

240 1048 391 1081 matre
408 1040 722 1080 haederitario
744 1040 912 1080 domus
932 1040 1092 1091 reique
1122 1039 1367 1079 familiaris
1384 1037 1501 1090 jure.
1526 1039 1750 1089 Magnum
1778 1038 1873 1090 qui-

241 1113 348 1152 dem
370 1112 637 1163 discrimen,
663 1110 796 1162 cujus
818 1123 1011 1151 causam
1032 1122 1125 1151 non
1147 1110 1435 1161 attingimus.

320 1184 464 1234 Haec,
486 1190 735 1235 postquam
752 1194 926 1223 annum
949 1182 1117 1222 aetatis
1133 1182 1431 1222 undecimum
1448 1181 1617 1232 attigit,
1637 1193 1661 1220 e
1682 1187 1878 1233 paterno

237 1256 425 1296 Ducum
451 1255 626 1307 palatio
657 1255 704 1295 in
732 1253 933 1295 Sanctae
961 1253 1128 1294 Clarae
1158 1253 1494 1293 monasterium
1522 1252 1728 1304 ejusdem
1749 1252 1877 1293 urbis

171 1365 176 1369 ,
239 1327 454 1367 Gandiae
475 1339 524 1366 se
547 1326 756 1376 contulit,
786 1326 866 1366 ubi
893 1325 1114 1377 deinceps
1143 1324 1286 1365 Soror
1314 1323 1465 1364 Maria
1493 1324 1549 1364 de
1580 1323 1730 1364 Cruce
1764 1323 1879 1374 (Sor

242 1398 402 1438 Illarz'a
420 1399 475 1437 de
496 1398 543 1437 la
570 1398 717 1447 Crnz)
739 1398 974 1449 appellata
991 1403 1075 1437 est.

322 1470 392 1510 De
415 1482 469 1509 ea
492 1470 609 1509 haec
631 1469 785 1519 habet,
811 1481 930 1520 quae
958 1474 1230 1520 sequuntur,
1262 1467 1394 1518 liber,
1417 1467 1492 1507 cui
1514 1468 1695 1507 titulus:
1719 1467 1876 1507 Ht'sto-

243 1541 317 1581 rsa
339 1541 413 1581 del
442 1541 677 1581 Convento
700 1541 754 1580 de
777 1540 928 1580 Sama
957 1539 1098 1579 Clara
1120 1540 1175 1578 de
1200 1538 1400 1579 Gandz'a.

325 1613 441 1653 “Era
473 1613 528 1653 de
556 1613 664 1653 sutil
691 1625 722 1664 y
744 1612 956 1652 delicado
988 1611 1192 1662 ingenio,
1223 1624 1253 1662 y
1281 1611 1336 1650 de
1364 1622 1419 1650 su
1448 1610 1635 1650 natural
1671 1610 1815 1649 altiva
1843 1622 1874 1661 y

237 1685 507 1737 presumida
530 1685 585 1725 de
607 1684 873 1734 condicion3
898 1689 1043 1733 tanto,
1063 1694 1150 1735 que
1171 1694 1234 1722 un
1256 1681 1474 1722 confesor
1495 1681 1650 1721 siervo
1672 1681 1728 1721 de
1745 1680 1887 1732 Dios,·
1907 1710 1910 1714 <

238 1757 441 1807 siempre
470 1768 557 1808 que
586 1757 629 1796 la
657 1758 784 1806 veia,
814 1756 857 1795 la
893 1755 1049 1795 decia:
1084 1753 1241 1794 Flecte
1274 1765 1437 1793 ramos
1472 1753 1615 1793 arbor
1645 1752 1762 1803 alta,
1791 1764 1879 1804 que

240 1828 399 1879 quiere
421 1828 570 1868 decir:
593 1827 700 1879 baja
722 1834 924 1879 ytuerce
945 1833 1019 1866 tus
1037 1837 1210 1875 ramos,
1232 1825 1363 1865 arbol
1381 1826 1474 1865 alto
1495 1837 1526 1876 y
1547 1824 1876 1864 encumbrado.

240 1899 341 1940 Con
358 1906 483 1940 estas
500 1899 722 1951 palabras
738 1911 787 1939 se
801 1898 1055 1939 humillaba
1073 1911 1103 1949 y
1115 1899 1306 1948 recogia
1324 1897 1489 1936 dentro
1502 1896 1558 1936 de
1574 1897 1627 1947 si,
1647 1895 1880 1936 temiendo

239 1983 300 2012 no
323 1972 366 2011 la
388 1971 691 2011 confundiese
712 1976 904 2011 nuestro
925 1969 1094 2020 Sen0r3
1118 1981 1294 2021 porque
1318 1969 1362 2008 al
1377 1980 1493 2020 paso
1516 1979 1604 2019 que
1625 1979 1706 2007 era
1722 1978 1878 2019 presu-

238 2043 385 2094 mida,
410 2055 490 2083 era
513 2049 748 2083 temerosa
777 2042 833 2082 de
855 2042 986 2082 Dios.
1018 2040 1162 2093 Soror
1190 2040 1330 2081 Clara
1358 2040 1572 2090 Tortosa‚
1604 2051 1691 2091 que
1714 2050 1793 2079 era
1823 2049 1876 2078 su

240 2115 402 2155 intima
426 2115 604 2166 amiga,
625 2116 666 2154 16
689 2114 765 2154 iba
787 2114 988 2165 siempre
1011 2116 1037 2153 a
1059 2113 1104 2153 la
1125 2124 1266 2152 mano
1288 2124 1319 2163 y
1339 2112 1384 2151 la
1406 2111 1711 2151 amonestaba
1734 2109 1879 2150 humi-

231 2187 354 2226 llase
374 2198 493 2238 poco
516 2189 542 2226 a
566 2197 685 2238 poco
714 2187 783 2225 105
814 2185 941 2225 brios
968 2184 1024 2224 de
1046 2195 1101 2224 su
1128 2183 1318 2223 altivez:
1349 2193 1526 2234 porque
1553 2182 1592 2221 si
1618 2181 1735 2222 Dios
1762 2184 1788 2221 a
1810 2181 1879 2221 los

240 2258 482 2297 soberbios
506 2257 685 2308 resiste,
711 2260 738 2297 3
759 2258 829 2296 105
851 2255 1083 2296 humildes
1105 2255 1164 2295 da
1186 2254 1365 2306 gracia.

320 2329 464 2380 Llego'
486 2336 585 2369 esta
607 2328 830 2380 religiosa
852 2331 879 2367 a
900 2327 1043 2367 hacer
1065 2338 1118 2366 su
1140 2325 1399 2378 profesion:
1424 2338 1455 2376 y
1477 2336 1661 2376 aunque
1692 2325 1816 2364 tenia
1838 2324 1878 2363 61

1929 0 1969 87 νέξ

239 2401 419 2440 adorno
441 2400 496 2440 de
519 2401 627 2441 toda
649 2400 802 2440 buena
824 2399 997 2450 Virtud,
1022 2398 1207 2450 aquello
1230 2397 1286 2437 de
1307 2408 1367 2436 no
1386 2408 1462 2436 ser
1478 2402 1558 2436 tan
1580 2395 1798 2447 humilde,
1818 2407 1877 2436 no
1938 2438 1942 2449 2

240 2474 285 2512 la
307 2470 474 2523 dejaba
496 2483 717 2523 campear
739 2471 785 2511 ni
807 2471 943 2510 volar
965 2473 991 2510 a
1013 2470 1057 2509 13
1087 2470 1235 2509 alteza
1264 2468 1319 2508 de
1341 2469 1383 2508 la
1412 2466 1679 2520 perfeccion
1706 2479 1763 2507 en
1791 2478 1878 2518 que

240 2545 282 2583 61
303 2542 451 2584 Senor
472 2543 515 2583 la
538 2545 700 2595 queria
720 2554 837 2594 para
860 2554 914 2581 su
935 2552 1102 2592 mayor
1131 2546 1283 2592 gusto.
1308 2539 1352 2580 A
1373 2539 1576 2591 peticion
1596 2538 1652 2579 de
1674 2539 1717 2578 la
1740 2538 1877 2578 dicha

243 2627 297 2655 su
320 2615 477 2665 amiga
499 2618 623 2655 tomo
646 2615 689 2654 la
719 2618 890 2653 senora
911 2612 1063 2652 MarIa
1091 2613 1133 2651 el
1154 2623 1228 2652 ser
1257 2611 1533 2661 enfermera,
1563 2621 1649 2661 por
1671 2621 1746 2650 ser
1776 2609 1875 2650 obe-

242 2686 424 2726 diencia
448 2697 536 2737 que
559 2697 675 2738 para
698 2685 968 2725 humillarse
991 2684 1113 2724 tiene
1135 2684 1205 2723 las
1227 2683 1472 2723 ocasiones
1492 2693 1604 2733 muy
1622 2685 1647 2721 a
1666 2693 1823 2721 mano:
1846 2692 1877 2732 y

243 2756 390 2798 Soror
411 2757 550 2798 Clara
581 2757 754 2797 ofrecio
776 2767 852 2796 ser
882 2757 925 2795 la
948 2758 1230 2806 companera
1259 2765 1376 2805 para
1402 2753 1633 2804 ayudarla
1660 2764 1718 2792 en
1744 2753 1787 2792 lo
1809 2763 1875 2792 es-

242 2829 432 2881 piritual
453 2842 483 2880 y
506 2829 749 2880 temporal.
773 2827 941 2867 Hizolo
964 2832 1063 2867 esta
1084 2829 1254 2866 senora
1282 2836 1370 2864 con
1392 2824 1561 2864 mucha
1587 2822 1824 2864 humildad
1844 2834 1875 2874 y

241 2900 477 2952 sujecion;
501 2912 589 2952 que
611 2910 796 2951 aunque
819 2900 859 2938 el
881 2898 1068 2938 natural
1090 2908 1170 2937 era
1191 2896 1350 2947 altivo,
1375 2907 1429 2936 su
1450 2896 1649 2936 cuidado
1671 2907 1750 2936 era
1781 2906 1874 2935 mu-

242 2973 331 3013 cho
362 2985 418 3013 en
450 2972 720 3013 refrenarle.
752 2970 895 3022 Quiso
926 2981 1001 3010 ser
1032 2977 1112 3010 tan
1144 2969 1328 3009 curiosa
1356 2980 1444 3020 que
1474 2979 1562 3020 por
1597 2980 1676 3008 sus
1710 2977 1874 3008 manos

243 3046 413 3085 lavaba
434 3046 504 3084 los
526 3045 680 3084 suelos
702 3043 757 3083 de
780 3044 850 3083 las
871 3042 1197 3095 enfermeria53
1222 3055 1252 3093 y
1269 3041 1325 3081 de
1343 3041 1491 3081 andar
1513 3041 1727 3082 descalza
1746 3044 1875 3079 entre
