1969 3293
795 683 1151 727 INDEX

198 865 586 903 DOCUMENTORUM,
620 863 743 898 QUAE
773 863 816 890 IN
846 862 935 890 HOC
965 861 1102 889 PRIMO
1133 859 1372 888 VOLUMINE
1405 857 1722 886 CONTINENTUR

1654 1228 1756 1260 Paes.

144 1331 412 1373 PRAEFATIO
422 1363 745 1372 .............
768 1367 770 1370 ,
792 1359 1635 1373 ................................
1751 1331 1780 1369 5-

586 1509 737 1551 TOMI
756 1510 924 1551 PRIMI
944 1508 1101 1550 PARS
1125 1508 1318 1549 PRIMA

145 1689 260 1730 Ill.mi
302 1690 358 1730 D.
401 1689 593 1741 Joannis
633 1689 689 1728 de
729 1687 895 1739 Borja,
938 1687 996 1727 III
1036 1686 1248 1727 Gandiae
1287 1684 1463 1735 Ducis,
1506 1692 1642 1726 testa-

1751 1757 1774 1767 ›-

195 1767 400 1801 mentum
411 1783 1634 1799 ..............................................
1755 1775 1767 1795 s

142 1832 471 1872 Praecedentis
494 1830 761 1871 testamenti
781 1829 977 1881 hispana
1001 1829 1157 1869 versio
1170 1857 1636 1868 ..................
1724 1828 1778 1867 69

142 1904 436 1944 APPENDICES
445 1928 1635 1942 .............................................
1702 1898 1777 1938 129

141 1973 392 2026 Appendix
413 1973 949 2025 prima—Personarum
967 1977 1011 2011 et
1027 1970 1413 2011 communitatum
1426 1971 1632 2021 nomina,

195 2056 314 2096 quae
336 2045 382 2084 in
405 2050 684 2084 testamento
700 2043 758 2084 D.
777 2043 971 2096 Joannis
993 2042 1048 2082 de
1064 2040 1218 2092 Borja,
1243 2041 1302 2081 ΙΙΙ
1319 2040 1531 2081 Gandiae
1548 2041 1641 2081 Du-

193 2116 275 2164 cis,
301 2116 610 2167 reperiuntur,
634 2115 681 2155 in
703 2115 971 2165 catalogum
988 2114 1180 2153 redacta
1192 2141 1635 2152 .................
1703 2112 1771 2152 131

143 2186 395 2238 Appendix
423 2185 852 2226 secunda.-Notae
881 2197 965 2236 pro
994 2185 1090 2224 vita
1114 2183 1170 2224 D.
1202 2183 1396 2236 Joannis
1426 2182 1480 2222 de
1502 2182 1641 2234 Borja

195 2264 239 2298 et
259 2258 507 2309 Euriquez,
529 2256 573 2297 S.
597 2257 840 2297 Francisci
856 2256 912 2296 de
928 2254 1068 2306 Borja
1090 2255 1252 2306 patris,
1273 2253 1635 2294 conscribenda.
1702 2255 1775 2294 135

144 2329 394 2381 Appendix
414 2328 852 2369 tertia-Familiae
873 2327 1137 2378 Borgianae
1155 2325 1308 2376 origo.
1330 2356 1335 2362 .
1355 2355 1361 2362 .
1384 2357 1390 2362 .
1411 2356 1416 2362 .
1463 2355 1470 2362 .
1491 2357 1495 2360 .
1516 2355 1524 2362 .
1544 2356 1551 2363 .
1572 2356 1578 2362 .
1597 2353 1608 2365 .
1628 2356 1635 2363 .
1703 2325 1777 2364 149

143 2401 214 2441 De
235 2401 425 2441 civitate
445 2399 584 2451 Borja
597 2426 1631 2438 .......................................
1700 2396 1773 2435 149

143 2472 309 2512 Petrus
329 2471 501 2511 Atares
520 2503 527 2520 ,
552 2469 781 2510 Dominus
802 2470 857 2510 de
880 2468 1019 2520 Borja
1036 2497 1635 2506 .......................
1702 2466 1776 2506 150

143 2542 305 2596 Jacobi
325 2542 500 2582 Febrer
521 2541 834 2581 testimonium
844 2567 1634 2579 ..............................
1702 2537 1774 2577 156

144 2614 264 2664 Quid
284 2613 536 2653 historicus
565 2613 795 2652 Escolano
824 2612 880 2652 de
908 2611 1181 2663 posteritate
1210 2608 1268 2649 D.
1310 2608 1434 2649 Petri
1469 2608 1642 2649 Atares

197 2685 393 2725 senserit
406 2709 1634 2724 ..............................................
1703 2679 1774 2719 157

143 2756 394 2808 Appendix
415 2754 892 2807 quarta—Bongiana
914 2753 1089 2793 familia
1111 2751 1247 2803 regni
1263 2751 1488 2791 valentini
1496 2780 1634 2790 ......
1705 2749 1770 2788 161

143 2827 408 2878 Borgianae
429 2826 633 2866 familiae
661 2825 802 2877 stirps
813 2850 1635 2865 ...............................
1703 2820 1774 2859 164

142 2898 276 2938 Rom.
299 2896 534 2947 Pontifex,
560 2896 778 2938 Callistus
799 2895 858 2936 III
870 2920 1634 2934 .............................
1703 2890 1776 2930 168

143 2968 201 3009 D.
225 2968 457 3020 Alphonsi
478 2969 534 3008 de
550 2966 688 3018 Borja
710 2967 905 3018 (Callisti
926 2965 1000 3011 ΙΙΙ)
1023 2971 1242 3017 parentes
1259 2970 1302 3004 et
1322 2964 1475 3015 patria
1488 2991 1633 3002 ......
1703 2961 1776 3000 168

144 3039 201 3080 D.
227 3039 458 3092 Alphonsi
479 3039 534 3079 de
561 3038 700 3090 Borja
723 3037 899 3078 ilerdae
928 3036 1232 3077 commoratio
1245 3061 1634 3074 ...............
1702 3032 1775 3071 169
