1969 3293
210 143 282 180 700
764 141 807 179 S.
837 142 1110 179 FRANCJscus
1137 142 1311 179 BORGIA

211 238 349 287 Boria
372 246 613 290 tamquam
642 238 851 278 curatori
879 244 1038 278 vestro
1067 244 1130 288 et,
1163 249 1244 278 seu
1272 245 1460 279 vestrae
1492 240 1662 280 minori
1691 241 1848 292 aetati,

211 316 261 349 ut
282 309 567 361 praefertur,
599 309 840 359 asignatO,
872 309 1084 349 similiter
1112 310 1320 360 presenti
1350 315 1395 349 et
1428 321 1514 361 pro
1550 311 1686 351 vobis
1721 323 1851 352 acce-

211 381 382 432 ptanti,
407 386 451 419 et
472 380 666 430 vestris,
692 379 992 420 medietatem
1013 392 1097 431 pro
1126 379 1329 420 indiviso
1360 381 1631 432 praedictae
1661 389 1852 423 nostrae

212 451 445 491 Baroniae
475 457 520 491 et
552 451 692 503 foyae
724 451 780 491 de
807 451 1019 503 Lombay
1047 457 1091 492 et
1118 452 1329 492 locorum
1360 453 1710 504 praedictorum
1738 453 1852 505 ejus-

190 523 340 573 -dem,
364 522 602 572 videlicet,
628 522 841 574 Lombay
869 522 1109 562 Catadaur
1135 522 1295 563 Alfars
1324 529 1368 563 et
1396 523 1600 574 Aledua,
1631 524 1748 565 sitae
1777 537 1851 565 ex-

211 595 393 645 positae
421 605 476 634 ac
504 593 701 633 sitorum
730 600 775 633 et
807 593 1130 645 expositorum
1162 594 1207 633 in
1238 595 1475 645 praesenti
1506 607 1652 647 regno
1685 596 1853 636 Valen-

212 666 319 715 tiae,
339 664 586 704 habentem
605 671 650 704 et
667 664 892 704 habentes
908 664 1134 704 terminos
1152 664 1509 706 determinatos:
1531 678 1650 718 quae
1667 667 1855 718 quidem

211 736 414 777 Bai-onia
437 742 482 776 et
503 737 605 775 loca
630 735 835 786 ejusdem
857 735 1216 775 confrontantut·
1236 748 1342 776 cum
1363 737 1562 777 termino
1589 736 1598 756 ¹
1622 739 1855 779 Baroniae

209 807 267 847 de
290 807 470 857 Carlet‚
495 819 601 847 cum
623 807 823 846 termino
845 807 937 846 loci
959 806 1015 846 de
1038 805 1249 858 Aiginet,
1288 819 1394 847 cum
1424 809 1624 849 termino
1651 810 1741 849 loci
1773 821 1855 849 seu

211 879 444 919 Baroniae
466 879 522 918 de
543 878 786 928 Picacent,
812 889 918 918 cum
940 878 1140 918 termino
1169 878 1259 918 loci
1289 879 1345 918 de
1373 879 1529 919 Rahat
1556 886 1601 920 et
1629 892 1736 920 cum
1767 888 1853 920 ter-

211 951 338 991 mino
360 950 450 990 loci
471 950 527 990 de
550 950 792 1001 Montroy:
816 950 1059 1001 ipsamque
1081 949 1399 990 venditionem
1420 956 1464 990 et
1496 962 1577 990 seu
1604 951 1857 991 insolutum

210 1029 256 1062 et
279 1021 517 1062 dationem
538 1028 582 1061 et
603 1022 1062 1072 transportacionem
1082 1020 1344 1061 medietatis
1368 1033 1453 1073 pro
1478 1022 1679 1062 indiviso
1709 1034 1853 1074 supra

213 1093 365 1134 dictae
388 1093 620 1133 Baroniae
642 1093 775 1132 vobis
796 1093 1015 1143 tacimus,
1038 1099 1082 1132 et
1101 1091 1256 1132 facere
1274 1092 1571 1144 intendimus,
1591 1105 1698 1134 cum
1715 1099 1856 1145 pacto

214 1172 259 1206 et
282 1165 543 1205 retentione
565 1165 717 1216 ipsam
738 1163 1072 1216 recuperandi,
1096 1170 1139 1203 et
1171 1175 1264 1203 non
1293 1164 1383 1204 alio
1416 1164 1579 1216 modo,
1610 1166 1745 1205 aliter
1772 1177 1858 1205 nec

217 1237 335 1277 alias
353 1248 360 1288 3
385 1243 429 1276 et
451 1237 592 1276 etiam
614 1248 719 1276 cum
744 1235 992 1275 medietate
1010 1247 1095 1286 pro
1115 1235 1318 1276 indiviso
1336 1236 1518 1276 illorum
1535 1236 1824 1276 censualium
1844 1235 1858 1254 ²

220 1315 263 1349 et
292 1320 489 1349 onerum
519 1308 841 1360 antiquorum,
873 1314 918 1347 ct
946 1319 1065 1359 quae
1093 1319 1200 1357 nos,
1230 1313 1278 1347 ut
1310 1307 1524 1347 detentor
1558 1314 1603 1348 et
1638 1319 1859 1359 possesor

216 1380 364 1431 ipsius
386 1379 635 1429 Baroniae,
659 1379 874 1430 personis
895 1377 1209 1430 infrascriptis
1232 1378 1431 1418 facimus
1452 1377 1465 1396 ³
1486 1379 1750 1431 facereque,
1771 1380 1858 1418 sol-

219 1463 331 1492 vere
352 1463 407 1491 ac
429 1450 715 1502 respondere
737 1448 751 1468 ⁴
772 1456 1005 1490 tenemur:
1031 1462 1149 1501 quae
1172 1450 1359 1501 quidem
1386 1450 1622 1490 censualia
1655 1456 1762 1490 sunt
1792 1461 1859 1490 re-

219 1522 395 1563 stantia
425 1534 484 1562 ex
513 1522 604 1561 illis
634 1521 951 1571 censualibus,
986 1533 1093 1561 cum
1122 1521 1310 1572 quibus,
1345 1527 1388 1561 et
1417 1533 1500 1561 seu
1530 1522 1716 1573 verius,
1754 1533 1859 1562 cum

217 1606 359 1634 onere
381 1605 602 1646 quorum,
625 1605 709 1645 per
735 1593 967 1633 Illustrem
996 1605 1050 1632 ac
1080 1593 1232 1632 bonae
1260 1593 1514 1633 memoriae
1541 1593 1771 1646 Joannem
1805 1593 1861 1633 de

217 1665 360 1717 Borja
382 1665 549 1706 ducem
569 1664 782 1705 Gandiae
803 1665 1066 1716 genitorem
1088 1671 1301 1704 nostrum
1318 1670 1473 1716 empta
1490 1663 1598 1704 fuit:
1629 1676 1747 1716 quae
1766 1664 1860 1716 qui-

219 1739 324 1778 dem
345 1748 489 1778 onera
511 1743 556 1777 et
578 1736 817 1777 censualia
839 1742 946 1775 sunt
968 1747 1087 1787 quae
1108 1741 1380 1786 sequuntur.

300 1809 359 1850 Et
380 1809 531 1860 primo
553 1820 660 1848 cum
681 1808 931 1848 medietate
947 1819 1032 1859 pro
1050 1807 1253 1847 indiviso
1272 1807 1456 1847 illorum
1473 1813 1658 1847 centum
1693 1806 1862 1857 viginti

218 1881 476 1922 solidorum
519 1880 820 1932 supradictae
866 1885 1083 1919 monetae
1130 1879 1422 1918 censualium
1462 1878 1725 1918 rendalium
1765 1877 1779 1896 ⁵
1818 1883 1861 1918 et

220 1952 459 1993 anualium
482 1964 604 1992 anno
628 1952 831 2003 quolibet
859 1949 1193 1990 solvendorum
1224 1949 1515 1990 Reverendis
1546 1949 1787 1989 canonicis
1817 1955 1861 1988 et

220 2024 439 2076 Capitulo
467 2023 591 2063 sedis
614 2023 884 2074 praedictae
903 2021 1109 2061 civitatis
1127 2021 1375 2061 Valentiae
1392 2053 1399 2072 ,
1418 2032 1503 2072 pro
1521 2021 1706 2072 dupplis
1723 2026 1767 2060 et
1785 2032 1861 2060 an-

221 2095 497 2136 niversariis
517 2094 531 2113 ⁶
553 2093 761 2146 ejusdem
783 2094 929 2144 sedis,
955 2093 1001 2133 in
1039 2105 1198 2133 mense
1234 2092 1474 2143 Febrarii,
1501 2093 1641 2132 unica
1672 2091 1861 2132 solutio-

220 2180 301 2215 ne,
327 2168 426 2219 qui,
450 2167 634 2218 gratiae
657 2167 966 2206 instrumento
988 2164 1245 2215 mediante,
1272 2163 1438 2204 redimi
1460 2170 1504 2204 et
1527 2163 1698 2215 quitari
1726 2163 1738 2180 ⁷
1760 2174 1862 2214 pos-

221 2246 329 2279 sunt
350 2239 534 2290 praetio
556 2238 755 2278 duorum
777 2237 899 2277 mille
918 2236 1297 2287 octingentorum
1316 2235 1591 2286 octuaginta
1607 2234 1863 2274 solidorum

220 2310 460 2361 praefixae
481 2316 713 2350 monetae.

278 2496 285 2514 ¹
328 2495 599 2529 confrontantur
616 2501 695 2521 cum
710 2493 877 2523 termino,
891 2492 1050 2526 adjacent
1063 2491 1219 2518 termino.

276 2544 289 2562 ⁴2
327 2543 563 2575 censualium,
577 2542 718 2576 hispane
735 2540 905 2568 censales.
922 2539 1007 2566 Vide
1023 2546 1100 2573 pag.
1117 2538 1178 2573 676,
1196 2542 1308 2566 annot.
1323 2538 1349 2566 3.

278 2591 292 2610 5
323 2591 501 2626 fac1'111us‚
515 2591 646 2618 damus,

277 2641 291 2659 ³·
329 2639 557 2673 respondere,
572 2641 763 2671 praestare.
779 2638 925 2664 solvere.

276 2687 290 2706 5
329 2687 545 2714 rendalinm.
569 2686 732 2713 Rendalis
757 2685 813 2712 vel
837 2685 1012 2712 rcndualis
1037 2684 1216 2710 dicebatur
1241 2683 1413 2718 quaelibet
1439 2683 1582 2716 pecunia
1607 2690 1692 2716 quae
1717 2682 1866 2710 solvitur

223 2735 415 2769 quotannis.

277 2780 290 2798 ’ἱ
326 2786 392 2816 pro
407 2782 554 2816 dupplis
570 2783 601 2808 et
620 2781 896 2808 anniversariis.
914 2780 1084 2814 Dupplum
1101 2781 1155 2806 vel
1171 2780 1309 2813 duplum
1334 2781 1409 2804 erat
1435 2777 1585 2811 pulsatio
1607 2777 1753 2804 omnium
1776 2784 1866 2804 cam-

224 2838 390 2865 panarum
407 2830 619 2863 campanilis
637 2828 923 2861 anniversarium,
941 2828 1011 2855 dies
1030 2835 1170 2860 annuus,
1187 2834 1250 2861 quo
1267 2826 1409 2853 officium
1425 2824 1662 2852 defunctorum
1676 2832 1736 2859 pro
1751 2825 1866 2859 aliquo

224 2878 384 2905 defuncto
400 2877 588 2912 petagitur,
607 2877 678 2911 ipso
694 2877 806 2903 obitus
822 2882 1019 2903 recurrente
1036 2876 1100 2909 die,
1118 2881 1150 2902 et
1168 2876 1272 2902 etiam
1289 2873 1485 2900 distributio
1499 2880 1539 2898 ex
1552 2873 1781 2900 anniversarii
1795 2872 1866 2900 fun-

225 2926 363 2953 datione
380 2925 515 2953 clericis
532 2925 699 2952 facienda.

279 2975 291 2992 7
331 2974 478 3008 quitari,
490 2974 595 3007 reddi;
613 2974 753 3006 qnilare
769 2974 857 3000 enim
873 2978 924 2999 cst
942 2973 1084 2999 reddere
1100 2971 1251 2998 debitum
1267 2969 1321 2996 vel
1339 2967 1472 2995 absolvi
1488 2975 1508 2994 a
1524 2967 1648 2995 debito.
