1969 3293
9 97 12 103 -
0 7 26 59 ψ’ῐ,

614 221 816 257 FRATRES
844 232 898 257 Ac
927 220 1139 258 SORORES.
1624 226 1695 261 417

380 669 702 711 LUDOVICA
732 672 964 713 BORGIA
995 674 1073 713 ET
1103 674 1363 715 ARAGON

138 1023 343 1064 Patriam
364 1025 525 1065 habuit
547 1025 793 1076 Gandiam,
817 1033 1035 1078 parentes
1055 1030 1243 1068 tertium
1260 1029 1472 1069 Gandiae
1494 1029 1688 1079 Ducem,

29 1126 38 1135 ,
59 1096 285 1148 Joannem
307 1095 502 1146 Borgia‚
527 1102 570 1136 et
588 1095 685 1147 ejus
702 1098 906 1148 priorem
922 1110 1136 1150 uxorem,
1155 1100 1387 1152 Joannam
1405 1100 1460 1140 de
1477 1100 1686 1152 Aragon.

137 1165 307 1206 Natam
328 1178 450 1206 anno
475 1167 575 1207 1512
596 1174 675 1208 aut
698 1168 756 1208 ad
782 1180 1014 1209 summum
1035 1171 1266 1221 sequenti,
1298 1172 1503 1212 secundo
1524 1184 1689 1224 nempe

60 1243 138 1277 aut
158 1237 294 1277 tertio
315 1244 422 1289 post
442 1237 541 1289 ejus
571 1238 766 1279 fratrem
794 1239 1120 1292 Franciscum,
1145 1241 1272 1281 haud
1293 1242 1461 1293 solido,
1487 1249 1536 1283 ut
1556 1244 1691 1283 nobis

60 1308 263 1358 videtur,
286 1308 473 1349 innixus
493 1309 796 1350 fundamento
817 1322 983 1350 recens
1010 1312 1201 1363 quidam
1232 1318 1396 1353 auctor
1423 1313 1687 1354 affirmavit.

59 1379 120 1419 At
145 1379 338 1431 propius
368 1391 482 1420 vero
510 1381 731 1432 accessit,
764 1382 843 1433 qui
873 1382 1144 1423 Ludovicae
1174 1383 1323 1424 vitam
1352 1385 1531 1436 primus
1559 1397 1689 1426 enar—

60 1450 200 1501 ravit,
223 1450 272 1490 Ρ.
296 1450 527 1503 Muniesa,
553 1451 662 1492 dum
682 1452 798 1493 haec
820 1454 1030 1505 scripsit:
1057 1454 1134 1494 “El
1155 1459 1246 1494 ano
1264 1454 1320 1495 de
1337 1468 1391 1496 su
1406 1457 1689 1497 nacimiento

57 1521 132 1561 fue
153 1533 240 1561 con
260 1533 380 1573 poca
401 1522 654 1562 diferencia
676 1524 717 1563 el
739 1523 794 1563 de
821 1523 942 1575 1520,
969 1528 995 1564 a
1021 1524 1068 1564 19
1089 1524 1161 1565 del
1188 1537 1287 1565 mes
1308 1525 1364 1566 de
1385 1526 1589 1578 Agosto,
1614 1528 1687 1568 dia

59 1593 353 1643 consagrado
375 1605 430 1633 en
452 1594 496 1633 la
518 1594 716 1645 religion
737 1595 935 1635 serafica
957 1599 983 1635 a
1004 1595 1099 1636 San
1121 1597 1257 1647 Luis,
1283 1597 1458 1649 Obispo
1481 1599 1536 1638 de
1557 1599 1690 1639 Tolo-

59 1675 128 1714 sa,
151 1675 297 1703 razon
318 1663 374 1703 de
395 1665 588 1704 haberla
616 1665 737 1706 dado
766 1678 824 1705 en
851 1667 893 1706 el
920 1673 1054 1707 santo
1084 1668 1314 1708 bautismo
1343 1669 1383 1709 61
1410 1670 1604 1709 nombre
1633 1670 1689 1710 de

58 1734 238 1784 Luisa.„

134 1805 280 1846 Nobis
301 1812 477 1857 autem,
502 1807 666 1858 quibus
683 1818 739 1846 ea
755 1819 858 1847 sors
876 1808 1042 1859 obtigit
1059 1842 1065 1859 ,
1091 1810 1178 1849 hoc
1198 1822 1321 1849 anno
1343 1810 1462 1861 1894,
1484 1817 1534 1851 ut
1550 1817 1686 1852 testa-

56 1883 259 1917 mentum
279 1878 491 1931 Joannae
512 1879 567 1918 (16
586 1878 783 1929 Aragon
804 1879 1034 1930 (caeteris,
1059 1887 1106 1920 ut
1124 1887 1356 1932 putamus,
1381 1883 1690 1934 scriptoribus

56 1959 148 1988 non
169 1949 424 1999 cognitum)
442 1950 772 2001 reperiremus,
793 1956 954 1991 natam
970 1951 1282 1999 Ludovicam,
1300 1953 1510 2005 Joannae
1528 1954 1683 2004 filiam,

57 2030 176 2059 anno
202 2019 303 2059 1520
324 2026 503 2060 certum
525 2021 713 2060 omnino
737 2021 937 2061 videtur.

133 2091 482 2131 Testamentum
504 2092 628 2132 enim
647 2092 831 2145 Joanna
853 2093 1059 2133 condidit
1091 2094 1177 2132 19.ίῑ
1205 2093 1481 2135 Decembris
1506 2095 1620 2147 1518,
1645 2103 1690 2136 et

59 2162 103 2202 in
141 2174 216 2212 eo,
251 2163 361 2203 dum
398 2174 508 2203 suos
541 2164 711 2203 liberos
745 2170 981 2214 recenset,
1018 2165 1346 2217 Franciscum,
1379 2166 1688 2219 Alphonsum,

59 2232 274 2284 Mariam,
298 2233 487 2274 Annam
506 2240 551 2274 et
572 2235 810 2275 Elisabeth
830 2236 974 2287 probe
997 2243 1246 2287 memorat,
1270 2238 1494 2278 Enricum
1510 2251 1623 2279 vero
1646 2246 1689 2279 et

59 2304 367 2355 Ludovicam,
392 2317 508 2357 quos
530 2311 687 2346 tamen
708 2312 836 2346 certo
858 2313 1042 2347 constat
1064 2308 1228 2348 eadem
1243 2321 1299 2348 ac
1318 2309 1420 2349 illos
1442 2316 1591 2350 matre
1612 2323 1688 2350 na-

59 2380 128 2416 tos
151 2375 286 2425 <Vide
307 2388 471 2428 supra,
496 2388 603 2428 pag.
626 2377 674 2427 7,
699 2378 897 2428 notam),
921 2378 1104 2418 silentio
1126 2381 1479 2431 praetermittit;
1499 2387 1542 2422 et
1559 2393 1689 2433 prae—

59 2447 364 2487 termissionis
384 2447 521 2499 hujus
541 2449 660 2488 ratio
689 2450 814 2489 nulla
844 2449 1045 2490 inveniri
1071 2462 1209 2502 posse
1236 2451 1424 2492 videtur
1445 2453 1534 2492 nisi
1555 2454 1688 2493 haec:

60 2516 278 2558 Enricum
299 2526 344 2559 et
364 2518 679 2569 Ludovicam,
703 2531 794 2571 quo
816 2526 1026 2572 tempore
1042 2528 1375 2563 testamentum
1396 2524 1483 2563 hoc
1506 2536 1533 2564 a
1553 2524 1690 2577 Joan-

59 2599 117 2628 na
138 2589 489 2641 conficiebatur,
524 2590 731 2630 nondum
760 2591 806 2631 in
835 2592 987 2631 lucem
1018 2592 1166 2633 editos
1196 2593 1353 2634 fuisse.
1388 2594 1524 2645 (Vide
1553 2602 1690 2635 testa-

62 2665 283 2712 mentum,
308 2672 465 2712 supra,
488 2672 598 2712 pag.
620 2661 731 2711 381.)

35 2727 37 2730 ’
135 2730 238 2782 Age
258 2743 372 2771 vero
394 2733 739 2783 perpendamus
759 2734 927 2785 verba,
953 2746 1071 2786 quae
1098 2743 1203 2787 post
1232 2737 1490 2777 recensitos
1510 2738 1693 2789 priores

62 2801 258 2854 quinque
277 2803 449 2843 liberos
471 2803 598 2843 addit
619 2803 844 2845 Ducissa:
872 2805 932 2845 “E
953 2818 1039 2857 por
1060 2813 1233 2858 quanto
1255 2820 1315 2859 yo
1338 2819 1423 2860 soy
1449 2809 1691 2860 prenyada

62 2883 92 2922 y
117 2883 278 2924 espero
313 2885 401 2913 con
430 2875 474 2913 la
505 2874 661 2925 ayuda
692 2875 748 2915 de
778 2882 970 2916 nuestro
993 2876 1141 2917 Sefior
1162 2879 1290 2929 parir
1318 2891 1414 2919 MUY
1442 2891 1689 2929 PRESTO....,

63 2941 188 2983 Haec
217 2943 295 2983 illa
322 2943 597 2984 Decembris
634 2945 720 2985 19.a
759 2945 873 2986 1518.
913 2946 1062 2998 Quem
1091 2955 1248 2990 autern
1283 2950 1560 2990 brevissimo
1596 2962 1692 2989 MUY

65 3024 230 3054 PREsTo
251 3021 356 3066 post
377 3015 499 3055 diem
519 3016 645 3056 illam
666 3013 874 3069 te‘mpore
897 3018 1060 3068 edidit,
1084 3020 1122 3060 is
1144 3023 1306 3072 procul
1333 3021 1471 3061 dubio
1493 3022 1693 3061 Enricus

1458 3107 1502 3141 27
