1969 3293
686 123 806 160 ALIA
832 133 1096 161 DocUMENTA
1641 118 1712 156 663

75 219 257 270 plenius
279 219 558 259 continetur.
581 219 661 259 Fe:
685 220 866 260 record.
895 220 1044 273 Julius
1072 219 1199 270 Papa
1227 217 1313 269 iij.,
1343 217 1552 257 similiter
1581 227 1709 267 prae·

71 289 290 329 decessor
322 296 497 339 noster,
533 290 650 339 Tibi,
689 296 737 330 ut
764 290 1077 342 sepulchrum,
1109 289 1233 341 quod
1260 289 1307 328 in
1342 288 1466 328 dicta
1494 286 1706 327 Ecclesia

72 360 246 400 Beatae
273 359 450 400 Mariae
478 360 670 401 Maioris
697 361 828 401 iuxta
856 361 967 401 dicti
994 360 1126 400 Pauli
1148 358 1528 411 praedecessoris
1558 356 1707 397 nostri

70 431 360 470 voluntatem
394 437 495 470 erat
530 431 914 482 construendum,
951 432 997 471 in
1031 431 1187 471 futura
1221 429 1433 470 Ecclesia
1468 427 1707 468 societatis

68 500 211 554 JESV
237 500 293 541 de
315 501 478 541 eadem
499 501 628 541 Vrbe
648 502 780 554 erigi,
801 509 844 542 et
863 502 1101 542 aedificari
1117 502 1273 542 facere
1291 512 1454 552 posses
1470 499 1610 539 vivae
1628 509 1706 537 vo-

69 572 136 612 cis
156 572 347 611 oraculo
370 572 618 612 concessit.
642 572 759 612 Cum
780 580 955 621 autem,
986 573 1105 613 sicut
1133 572 1298 612 eadem
1329 571 1473 611 Nobis
1501 569 1706 610 exhibita

66 642 228 694 petitio
250 642 534 693 continebat,
558 642 628 683 Tu
650 644 813 694 cupias
835 644 1187 683 concessionem
1213 642 1348 695 julii,
1378 641 1707 693 praedecesso-

68 714 132 753 ris
152 713 314 764 nostri,
349 714 430 753 tibi
460 714 635 754 factam
663 714 947 764 huiusmodi,
979 714 1034 754 de
1063 726 1155 765 qua
1178 714 1366 753 minime
1393 717 1598 759 constat,
1623 722 1707 762 pro

67 784 187 824 illius
221 785 526 825 subsistentia
552 784 765 835 firmiori,
797 791 958 825 nostro
987 791 1032 824 et
1062 785 1364 836 Apostolicae
1400 782 1533 825 Sedis
1562 782 1707 822 muni-

68 855 190 895 mine
211 856 440 907 roborari,
462 868 548 907 pro
569 862 702 907 parte
732 862 808 896 tua
834 856 976 896 Nobis
1003 856 1089 896 fuit
1117 855 1352 895 humiliter
1379 854 1706 906 supplicatum,

67 932 116 966 ut
131 927 485 967 concessionem
497 927 709 967 eamdem
726 927 991 978 approbare
1009 933 1053 966 et
1070 926 1365 976 confirmare,
1382 925 1498 965 alias
1514 925 1560 964 in
1576 936 1707 976 prae-

66 997 220 1037 missis
246 1005 506 1049 opportune
533 998 782 1049 providere
804 997 861 1038 de
887 997 1174 1048 benignitate
1195 996 1470 1048 Apostolica
1493 996 1707 1046 dignare-

66 1080 184 1108 mur.
206 1067 303 1109 Nos
324 1069 467 1119 igitur
488 1075 568 1109 tuo
589 1069 667 1120 pio
697 1069 927 1109 desiderio
949 1067 1215 1108 huiusmodi
1236 1068 1524 1117 Annuentes,
1550 1078 1605 1106 ac
1626 1066 1707 1106 tibi

64 1139 431 1190 praemissorum
452 1140 636 1190 intuitu,
661 1139 913 1191 specialem
941 1139 1147 1190 gratiam
1174 1138 1332 1178 facere
1359 1139 1593 1187 volentes,
1623 1137 1705 1176 Te-

61 1222 150 1261 que
171 1222 198 1250 a
220 1210 463 1262 quibusvis
484 1209 998 1260 excommunicationis,
1022 1210 1356 1262 suspensionis,
1380 1215 1425 1249 et
1446 1208 1697 1256 interdicti,

61 1281 255 1333 aliisque
276 1282 608 1322 ecclesiasticis
630 1281 886 1333 sententiis,
912 1281 1150 1331 Censuris,
1177 1287 1221 1321 et
1242 1281 1406 1332 poenis
1429 1293 1456 1320 a
1478 1280 1592 1330 iure,
1628 1281 1703 1319 vel

62 1352 121 1392 ab
141 1352 343 1403 homine,
368 1353 535 1404 quavis
557 1353 822 1403 occasione,
847 1354 922 1393 vel
943 1364 1087 1392 causa
1111 1352 1241 1402 latis,
1267 1352 1306 1392 si
1328 1351 1494 1403 quibus
1516 1362 1704 1402 quomo-

63 1424 236 1464 dolibet
269 1424 520 1464 innodatus
553 1425 732 1475 existis,
760 1424 819 1464 ad
848 1423 1066 1464 effectum
1102 1423 1422 1474 praesentium
1457 1422 1703 1462 dumtaxat

63 1494 443 1547 consequendum
462 1495 630 1535 harum
650 1496 770 1535 serie
792 1495 1105 1544 absolventes,
1131 1501 1176 1534 et
1198 1494 1463 1534 absolutum
1479 1493 1579 1533 fore
1598 1504 1701 1533 cen-

59 1572 229 1615 sentes,
252 1567 343 1606 tuis
364 1567 411 1606 in
431 1566 522 1606 hac
548 1573 682 1618 parte
709 1566 1125 1618 supplicationibus
1152 1565 1381 1616 inclinati,
1415 1565 1698 1604 auctoritate

60 1637 336 1689 Apostolica
376 1643 537 1678 tenore
576 1638 896 1689 praesentium
917 1669 925 1688 ,
965 1637 1320 1677 concessionem
1354 1635 1555 1688 praefati
1591 1635 1701 1688 Julii

60 1708 441 1759 praedecessoris
461 1710 611 1749 nostri
631 1710 712 1749 tibi
735 1721 873 1761 super
895 1709 1183 1760 praemissis,
1208 1714 1257 1748 ut
1287 1708 1603 1759 praemittitur
1634 1707 1698 1747 fa-

60 1786 197 1829 ctam,
210 1785 255 1820 et
272 1780 380 1820 inde
397 1787 594 1832 sequuta
607 1792 927 1832 quaecumque
945 1779 1291 1829 confirmamus,
1306 1785 1350 1819 et
1363 1779 1694 1830 approbamus,

58 1862 114 1890 ac
131 1862 306 1901 omneS,
326 1858 371 1891 et
389 1851 598 1900 singulos
615 1857 711 1892 tam
727 1852 854 1902 iuris,
871 1863 1012 1903 quam
1027 1851 1153 1900 facti,
1174 1851 1313 1890 etiam
1330 1850 1694 1900 solemnitatum,

57 1922 200 1962 etiam
221 1922 611 1983 substantialium,
636 1922 859 1971 defectus,
889 1923 928 1962 si
957 1923 1036 1974 qui
1068 1922 1407 1962 intervenerint
1437 1921 1484 1961 in
1515 1921 1694 1970 eadem,

58 1994 490 2045 supplemus,teque
507 1993 566 2034 ad
583 1994 790 2034 eiusdem
804 1994 1135 2040 concessionis,
1152 2005 1233 2033 seu
1250 1993 1512 2045 aliquarum
1524 1993 1695 2033 littera-

54 2076 173 2115 rum,
196 2065 273 2105 vel
300 2065 500 2105 aliarum
528 2065 869 2117 scripturarum
900 2065 1026 2105 illam
1056 2065 1440 2104 concernentium
1469 2053 1695 2104 ostensio-

54 2147 162 2176 nem
182 2137 446 2176 nullatenus
467 2137 616 2176 teneri
638 2138 871 2177 volumus.
890 2136 947 2176 Et
963 2136 1278 2187 nihilominus,
1298 2147 1383 2186 pro
1401 2136 1571 2187 potiori
1589 2146 1695 2175 cau-

54 2207 162 2258 tela,
185 2207 267 2247 tibi
289 2214 338 2247 ut
360 2208 406 2247 in
428 2207 553 2248 dicta
574 2207 788 2248 Ecclesia
809 2208 1048 2248 societatis
1065 2206 1228 2266 JESV,
1247 2213 1291 2247 et
1307 2219 1400 2246 non
1416 2207 1462 2246 in
1480 2206 1695 2258 praefata

55 2278 269 2318 Ecclesia
286 2279 458 2319 Beatae
475 2279 653 2319 Mariae
669 2279 862 2319 Maioris
879 2279 934 2319 de
951 2279 1094 2329 Vrbe,
1114 2278 1414 2329 sepulchrum
1430 2277 1694 2329 praefatum

56 2349 172 2389 alias
194 2350 326 2390 iuxta
349 2350 459 2390 dicti
480 2349 612 2390 Pauli
632 2347 1010 2402 praedecessoris
1031 2349 1178 2389 nostri
1191 2350 1483 2389 voluntatem
1497 2349 1629 2400 erigi,
1649 2355 1694 2389 et

55 2420 294 2461 aedificari
313 2420 471 2461 facere
499 2428 542 2461 et
570 2422 682 2461 inibi
709 2421 883 2461 dictam
913 2432 1143 2461 summam
1169 2420 1293 2460 Mille
1321 2420 1693 2471 Quingentorum

54 2497 295 2532 scutorum
331 2493 390 2533 ad
424 2492 614 2533 effectus
648 2493 934 2544 praemissos
962 2504 1211 2543 exponere,
1249 2498 1293 2531 et
1324 2492 1577 2542 cadavera,
1611 2503 1690 2531 seu

55 2574 162 2603 ossa
182 2562 443 2604 Alexandri
462 2563 841 2616 praedecessoris
863 2569 906 2603 et
927 2563 1120 2603 Henrici
1141 2562 1404 2603 Cardinalis
1431 2563 1692 2614 praedicto-

52 2645 157 2674 rum
177 2634 237 2674 ad
257 2635 410 2686 ipsum
432 2634 745 2686 sepulchrum,
770 2635 880 2674 dum
901 2634 1013 2674 illud
1031 2634 1078 2673 in
1100 2634 1224 2674 dicta
1246 2634 1459 2674 Ecclesia
1487 2633 1691 2674 Societa-

52 2706 112 2745 tis
131 2703 279 2757 JESV
300 2711 618 2745 constructum
639 2705 791 2756 fuerit,
815 2705 1069 2745 honorifice
1091 2705 1261 2745 deferri
1276 2705 1448 2756 facere,
1468 2706 1626 2755 libere,
1646 2712 1691 2744 et

52 2776 176 2816 licite
197 2776 364 2827 possis,
388 2782 432 2816 et
458 2777 644 2827 valeas,
674 2777 838 2817 eadem
865 2776 1139 2828 Apostolica
1172 2777 1451 2817 auctoritate
1480 2777 1536 2817 de
1564 2788 1689 2816 novo

54 2847 369 2897 concedimUS,
393 2853 438 2887 et
460 2846 768 2898 indulgemus,
792 2849 1069 2899 plenamque
1091 2853 1135 2887 et
1156 2848 1352 2888 liberam
1372 2848 1622 2896 licentiam,
1643 2855 1687 2887 et

54 2917 324 2958 facultatem
347 2918 653 2969 impartimur.
676 2918 994 2958 Decernentes
1015 2924 1074 2969 te,
1099 2924 1142 2958 et
1162 2918 1305 2959 Filios
1326 2924 1445 2968 tuos,
1465 2925 1509 2959 et
1527 2930 1689 2959 eorum
