1969 3293
405 693 739 735 ELEONORA
770 691 1012 733 CASTRO
1042 691 1121 731 ET
1150 687 1428 730 MENESES

534 848 695 877 SANCTI
724 847 963 875 FRANCISCI
989 846 1159 874 BORGIA
1186 845 1308 872 UXOR

186 1123 307 1164 Nata
335 1130 405 1164 est
438 1124 485 1163 in
518 1122 808 1173 Portugallia
841 1121 888 1160 in
923 1119 1094 1172 oppido
1129 1120 1204 1159 cui
1238 1130 1409 1158 nomen
1443 1117 1623 1158 Terran
1657 1130 1740 1159 seu

105 1196 328 1245 Torrea0‚
352 1195 442 1245 vel,
466 1200 516 1234 ut
538 1194 615 1234 alii
636 1194 827 1243 malunt,
853 1191 1053 1232 Otorrfio
1085 1189 1110 1228 ¹.
1135 1188 1247 1241 Ejus
1268 1194 1487 1241 parentes
1507 1188 1635 1229 fuere
1662 1189 1738 1229 Al-

107 1278 250 1306 varus
271 1266 326 1306 de
348 1265 516 1306 Castro
549 1270 592 1305 et
619 1263 859 1305 Elisabeth
885 1263 941 1303 de
967 1262 1183 1302 Meneses
1202 1260 1419 1311 Barreto‚
1445 1260 1581 1300 ambo
1603 1271 1739 1311 gene-

103 1338 169 1378 ris
189 1337 428 1377 nobilitate
446 1336 701 1388 conspicui.

181 1408 251 1448 De
272 1408 519 1458 Eleonora,
542 1407 607 1447 ita
628 1406 677 1447 P.
706 1406 1050 1446 RIBADENEIRAt
1076 1403 1158 1444 “Se
1179 1403 1317 1444 habia
1340 1402 1500 1443 criado
1521 1416 1552 1455 y
1569 1403 1739 1444 venido

102 1479 158 1520 de
179 1479 407 1530 Portugal
428 1490 516 1519 con
537 1479 580 1518 la
603 1478 772 1518 misma
792 1476 1086 1529 Emperatriz
1107 1475 1277 1526 kabel,
1302 1475 1345 1514 la
1368 1475 1472 1514 cual
1502 1475 1547 1515 la
1578 1476 1738 1526 queria

101 1564 131 1603 y
152 1551 396 1591 favorecia
416 1562 503 1602 por
524 1556 748 1590 extremo.
774 1549 892 1590 Pero
915 1548 1003 1588 ella
1025 1559 1105 1588 era
1127 1547 1191 1587 tal
1212 1558 1301 1598 que
1322 1547 1526 1586 merecia
1553 1545 1663 1586 toda
1695 1547 1741 1586 la

101 1622 287 1662 merced
308 1635 339 1674 y
359 1622 495 1662 favor
517 1632 604 1673 que
625 1621 669 1660 la
691 1620 984 1672 Emperatriz
1005 1620 1046 1659 16
1066 1618 1204 1659 hacia
1222 1630 1229 1658 :
1254 1629 1431 1669 porque
1453 1629 1532 1657 era
1565 1617 1740 1657 dotada

102 1694 157 1734 de
178 1705 298 1745 gran
326 1694 476 1743 valor,
510 1692 770 1733 discrecic'm
800 1704 831 1743 y
859 1690 1164 1731 honestisima
1191 1689 1377 1740 gracia;
1410 1700 1522 1740 muy
1549 1687 1736 1739 devota,

102 1765 328 1815 modesta,
354 1763 581 1816 apacible,
606 1762 880 1814 compasiva
896 1774 927 1813 y
945 1761 1101 1812 amiga
1119 1760 1175 1801 de
1194 1760 1336 1800 hacer
1356 1759 1462 1799 bien
1480 1762 1507 1799 fi
1525 1759 1658 1799 todos
1679 1758 1735 1809 ².„

181 1835 298 1875 Eam
329 1835 534 1887 appellat
560 1833 610 1874 P.
635 1833 931 1874 CIENFUEGOS
969 1831 1121 1883 digna
1148 1834 1366 1871 consorte
1394 1830 1449 1870 de
1475 1841 1541 1869 un
1572 1829 1738 1870 Santo.

183 1907 237 1947 Ei
259 1918 307 1947 se
331 1905 550 1958 conjugio
572 1904 782 1945 devinxit
803 1903 1085 1943 Franciscus
1107 1902 1296 1953 Borgia,
1316 1913 1453 1942 sacra
1471 1901 1742 1952 nuptiarum

101 1978 423 2018 benedictione
445 1977 492 2017 in
512 1977 615 2028 ipso
637 1975 955 2026 Imperatricis
983 1974 1199 2014 cubiculo
1228 1979 1446 2024 accepta,
1478 1984 1589 2012 vere
1622 1972 1738 2012 1529:

99 2048 232 2101 cujus
254 2048 473 2089 connubii
495 2046 712 2098 capitulis
733 2045 1028 2097 paciscendis
1050 2043 1283 2085 Gandiam
1310 2043 1474 2083 Petrus
1505 2042 1741 2083 Gonzalez

101 2120 157 2161 (16
182 2119 412 2160 Mendoza
440 2119 497 2159 ab
531 2117 833 2169 Imperatrice
861 2116 1014 2157 fuerat
1049 2122 1187 2156 antea
1221 2115 1405 2155 missus,
1439 2113 1562 2155 Vide
1598 2125 1742 2165 supra

101 2202 210 2242 pag.
231 2191 310 2231 266
331 2197 374 2231 et
392 2195 653 2241 sequentes.

120 2415 399 2443 ELEONORAM
421 2415 482 2442 DE
503 2414 677 2442 CASTRO
698 2413 961 2443 BARCINONE
982 2411 1198 2440 INVISUNT
1218 2411 1285 2438 ΡΡ.
1310 2409 1463 2438 ARAOZ
1484 2410 1542 2437 ET
1562 2409 1718 2437 FABER

182 2615 231 2655 Ρ.
255 2615 484 2655 ALCAZAR
506 2614 616 2655 dum
637 2626 713 2655 res
734 2620 894 2665 gestas
926 2612 1035 2653 anni
1070 2610 1170 2651 1542
1197 2616 1380 2661 narrat,
1415 2611 1470 2651 de
1499 2610 1548 2650 Ρ.
1577 2610 1737 2650 Araoz

103 2686 220 2726 haec
241 2687 425 2727 scribit:
452 2688 468 2704 ‘⁴
481 2685 540 2727 Se
560 2686 713 2738 partic
735 2687 776 2726 el
802 2684 1010 2736 segundo
1033 2683 1108 2723 dia
1129 2683 1185 2723 de
1205 2682 1388 2722 Pascua
1410 2682 1466 2722 de
1486 2681 1736 2721 Resurrec-

102 2758 226 2808 cion,
251 2757 462 2808 segunda
484 2769 592 2808 vel,
627 2757 682 2797 de
703 2757 853 2797 Roma
875 2759 901 2795 zi
924 2755 1136 2806 Espafia,
1169 2765 1227 2793 en
1258 2755 1505 2805 compafiia
1527 2752 1599 2792 del
1619 2764 1740 2803 gran

160 2941 170 2961 ¹
208 2941 295 2968 Vide
311 2941 452 2969 Boletin
467 2940 556 2968 dela
573 2940 615 2967 R.
629 2940 734 2968 Acad.
752 2940 840 2966 dela
856 2939 1029 2972 Historia,
1045 2943 1068 2966 t.
1084 2945 1172 2972 xxu,
1188 2939 1266 2972 pag.
1283 2938 1345 2966 167.

157 2988 170 3007 ²
207 2988 245 3015 In
260 2996 360 3023 opere
384 2988 471 3016 Vida
487 2988 543 3015 del
558 2987 594 3015 P.
610 2987 800 3015 Francisco
815 2987 858 3014 de
870 2986 997 3020 Borja‚
1013 2987 1034 3013 1.
1049 2993 1078 3020 1,
1096 2993 1184 3013 c.111.
