1969 3293
241 198 312 234 ⁴122
807 196 851 235 S.
881 197 916 234 F
920 207 1119 235 RANC1sci
1146 197 1320 236 BoRGIA

240 305 333 333 non
357 291 627 344 infrequens
649 292 809 333 habuit
831 305 937 334 cum
960 293 1098 345 Viris,
1124 306 1179 335 ea
1207 300 1381 344 aetate,
1413 296 1680 336 sanctitatis
1707 299 1882 348 praeci—

241 376 330 415 pue
352 363 478 403 fama
499 364 782 415 conspicuis,
802 370 851 405 ut
871 364 1055 416 Ignatio
1078 365 1133 406 de
1154 366 1351 418 Loyola,
1371 366 1552 407 Thoma
1570 379 1596 407 a
1613 367 1880 420 Villanova,

244 435 487 475 Ludovico
509 434 720 486 Beltran,
744 435 883 477 Petro
906 436 962 477 de
982 435 1266 489 Alcantara,
1297 437 1492 479 Nicolao
1522 437 1694 479 Factor
1725 445 1769 479 et
1796 439 1883 481 Lu-

243 506 413 546 dovico
450 506 505 546 de
541 505 788 555 Granada;
828 519 1012 548 necnon
1048 508 1230 560 aliquas
1271 509 1555 561 apostolicas
1587 510 1767 550 litteras
1803 522 1886 551 seu

242 577 413 617 Brevia
438 589 463 616 a
486 576 709 618 Pontifice
731 577 876 618 Paulo
897 578 956 619 ΙΙΙ
978 579 1171 631 recepit.

322 648 440 689 Eam
462 649 692 700 Ignatius,
716 650 884 690 litteris
904 650 958 690 20
977 649 1183 701 Augusti
1218 650 1318 691 1553
1347 650 1489 703 datis,
1519 652 1586 692 sic
1617 652 1885 704 alloquitur:

245 719 415 760 ·‘Como
437 720 496 761 V.
522 718 568 761 S.
594 732 643 761 es
666 733 723 761 en
745 722 790 761 10
812 733 954 762 001110
976 721 1203 762 hermana
1225 722 1298 763 del
1314 721 1365 763 P.
1388 722 1660 775 Francisco,
1681 725 1749 764 asi
1769 724 1813 764 10
1835 735 1888 765 05

241 804 271 842 y
293 791 464 831 mucho
487 794 589 831 mas
611 803 669 832 en
691 793 731 832 el
753 792 947 844 espiritu
968 806 999 845 y
1021 805 1079 834 en
1101 794 1142 834 el
1170 794 1309 834 deseo
1341 794 1397 835 de
1428 795 1472 834 la
1501 794 1663 834 divina
1691 795 1882 846 gloria.⁷⁷

242 862 372 913 Quae
394 863 582 914 quidem
602 864 765 912 verba,
785 864 929 904 breve
951 865 1035 905 sed
1055 865 1181 905 haud
1202 865 1519 917 spernendum
1541 866 1781 906 continere
1798 866 1885 907 Lu-

241 934 439 974 dovicae
462 941 653 975 nostrae
677 936 894 987 elogium,
917 936 956 976 is
972 936 1116 988 probe
1132 937 1374 988 intelliget,
1395 937 1470 977 0111
1485 943 1649 977 notum
1669 937 1729 978 sit
1745 949 1886 989 quam

241 1005 539 1046 considerate
560 1007 707 1047 verba
729 1013 965 1058 promeret
986 1008 1211 1059 Ignatius.

322 1077 363 1117 N
367 1090 420 1118 ec
454 1078 685 1119 immerito
722 1079 790 1119 sic
826 1091 853 1119 a
887 1078 1138 1120 Societatis
1165 1080 1277 1133 Jesu
1313 1079 1552 1120 conditore
1586 1080 1881 1131 laudabatur,

242 1149 465 1199 quoniam
487 1149 543 1189 iis
575 1150 790 1190 omnibus
820 1150 1025 1202 pollebat
1053 1150 1238 1191 dotibus
1266 1157 1310 1191 et
1337 1151 1612 1202 Virtutibus,
1647 1163 1764 1203 quas
1791 1163 1887 1192 ma—

242 1226 429 1261 tronam
455 1233 568 1261 vere
597 1222 903 1262 christianam
931 1223 1064 1263 decet
1093 1234 1341 1263 exornare.
1373 1222 1493 1263 Mira
1523 1223 1647 1263 enim
1673 1222 1758 1263 fuit
1788 1221 1889 1274 ejus

244 1304 427 1332 morum
449 1292 685 1343 honestas,
707 1294 825 1333 mira
846 1305 1051 1345 vereque
1073 1293 1329 1345 singularis
1349 1294 1590 1346 pudicitia,
1611 1293 1727 1334 adeo
1745 1300 1795 1334 ut
1811 1295 1888 1334 vel

243 1364 343 1403 solo
366 1365 581 1415 exemplo
605 1364 779 1404 similes
809 1365 960 1405 servis
987 1365 1261 1416 ancillisque
1293 1364 1388 1405 suis
1415 1365 1614 1405 virtutes
1643 1364 1889 1405 infundere

242 1435 497 1475 videretur.
521 1435 685 1476 Plures
707 1436 869 1476 diebus
891 1436 1086 1487 singulis
1108 1436 1251 1476 horas
1267 1436 1421 1476 Deum
1441 1442 1596 1476 mente
1618 1442 1662 1476 et
1684 1448 1764 1476 ore
1785 1447 1886 1488 pre—

242 1506 394 1546 cando
423 1507 708 1558 insumebat,
739 1508 912 1547 missae
941 1507 1175 1548 sacrificio
1208 1506 1376 1548 devote
1404 1507 1589 1559 aderat,
1621 1508 1692 1548 bis
1720 1508 1887 1548 saltem

241 1578 286 1617 in
310 1578 605 1618 hebdomada
628 1579 814 1630 corpori
835 1578 1147 1631 sanguinique
1176 1578 1350 1620 Christi
1377 1579 1744 1620 communicans.
1776 1578 1881 1619 Dei-

240 1661 406 1700 param
428 1649 597 1690 eximie
619 1650 763 1689 coluit
784 1656 829 1690 et
851 1661 927 1701 ea,
953 1661 1072 1702 quae
1093 1662 1178 1702 pro
1199 1650 1334 1690 nobis
1355 1649 1569 1691 Christus
1598 1661 1767 1701 passus
1796 1655 1882 1701 est,
1944 1694 1947 1695 ⁷

241 1721 459 1761 meditari
480 1733 593 1773 prae
614 1721 754 1761 rebus
777 1721 993 1761 omnibus
1014 1721 1288 1763 adamabat.

321 1791 483 1832 Divini
516 1793 668 1832 cultus
696 1791 895 1833 sollicita
923 1798 967 1832 et
994 1791 1097 1833 Deo
1124 1793 1382 1843 rependere
1410 1793 1576 1833 volens
1604 1792 1828 1844 quidquid
1856 1803 1883 1832 a

243 1863 345 1904 Deo
374 1869 645 1915 acceperat,
675 1864 834 1904 multis
862 1865 1035 1916 templa
1063 1864 1231 1905 ditavit
1260 1864 1409 1905 donis.
1440 1864 1763 1915 Eleemosynis
1790 1875 1885 1904 non

240 1935 450 1975 infirmos
485 1936 638 1975 solum
672 1935 843 1987 quique
877 1935 1030 1975 fracta
1064 1934 1336 1976 valetudine
1370 1935 1549 1976 victum
1582 1936 1708 1975 nullo
1744 1934 1884 1975 modo

240 2018 469 2058 quaerere
490 2011 724 2058 poterant,
744 2006 827 2046 sed
844 2018 924 2047 eos
947 2006 1088 2047 etiam
1104 2007 1183 2058 qui
1199 2007 1246 2047 in
1264 2007 1536 2047 carceribus
1554 2006 1879 2047 detinebantur

241 2084 320 2118 aut
356 2078 403 2118 in
438 2077 749 2128 hospitalibus
785 2077 1090 2129 curabantur,
1128 2089 1291 2118 omnes
1327 2078 1545 2130 denique,
1584 2089 1701 2130 quos
1731 2077 1910 2135 aliquo>

241 2160 382 2200 egere
418 2149 624 2199 videbat,
657 2149 955 2200 sublevabat3
978 2160 1065 2189 nec
1086 2148 1315 2189 Pedrolae
1342 2155 1524 2190 tanturn
1557 2149 1639 2189 sed
1669 2149 1811 2189 0110111
1838 2148 1886 2188 111

242 2221 434 2271 reliquis
457 2220 641 2272 oppidis
662 2232 775 2260 suae
797 2220 960 2260 ditioni
981 2219 1217 2271 subjectis.

321 2292 373 2332 In
397 2292 452 2332 115
475 2304 595 2344 quae
617 2292 676 2332 ad
698 2291 912 2344 corporis
931 2292 1294 2343 castigationem
1313 2297 1358 2332 et
1378 2292 1694 2344 poenitentiae
1711 2291 1883 2333 exerci-

242 2363 360 2403 tium
396 2369 626 2414 spectant,
662 2362 857 2403 fratrem
887 2374 1022 2403 suum
1057 2362 1367 2404 Franciscum
1402 2363 1575 2404 imitari
1606 2364 1878 2404 conabatur.

244 2432 495 2487 jejunabat
528 2434 812 2485 frequenter,
850 2445 1114 2485 corpusque
1147 2434 1301 2474 cilicio
1330 2434 1565 2485 cingebat,
1592 2433 1882 2486 flagellisque

246 2507 310 2546 ita
334 2506 560 2546 caedebat
582 2512 631 2545 ut
662 2506 894 2556 sanguine
925 2505 1114 2557 saepius
1141 2506 1347 2557 parietes
1376 2517 1656 2558 conspersos
1683 2506 1879 2547 videres.

325 2576 443 2617 Tam
472 2582 635 2617 sancte
665 2582 955 2617 transactam
985 2577 1133 2617 vitam
1164 2583 1358 2617 sanctus
1389 2578 1556 2617 clausit
1587 2578 1739 2618 obitus
1769 2577 1878 2618 Cae-

245 2655 559 2699 saraugustae
599 2660 721 2688 anno
762 2647 876 2698 1560,
919 2648 993 2688 die
1034 2647 1254 2689 Octobris
1287 2649 1371 2700 55²,
1410 2649 1579 2689 aetatis
1613 2648 1884 2690 Ludovicae

245 2720 625 2771 quadragesimo.
659 2718 770 2770 Ejus
801 2719 1008 2760 cadaver
1043 2719 1291 2760 Pedrolam
1321 2721 1601 2761 translatum
1637 2720 1790 2772 ibique
1818 2728 1883 2760 se-

246 2791 441 2842 pultum,
466 2791 653 2831 saeculo
675 2791 763 2831 hoc
791 2797 953 2831 nostro
981 2790 1169 2832 ineunte
1199 2791 1523 2843 incorruptum
1555 2791 1707 2832 adhuc
1733 2802 1881 2843 perse-

248 2863 461 2903 verabat.
486 2862 544 2903 Et
565 2868 839 2914 perseverat
869 2861 1023 2902 adhuc
1054 2862 1100 2903 in
1122 2868 1222 2903 tota
1246 2863 1322 2903 illa
1350 2863 1544 2914 regione
1571 2869 1667 2904 tam
1695 2861 1886 2903 illustris

248 2941 493 2974 matronae
523 2934 764 2985 memoria,
790 2945 930 2985 quam
950 2946 1045 2974 non
1073 2934 1164 2974 alio
1185 2935 1423 2986 appellare
1450 2939 1796 2976 consueverunt
1821 2932 1883 2973 in-

251 3007 384 3047 colae
405 3006 593 3046 nomine
612 3017 753 3057 quam
774 3008 968 3045 sanctae
988 3005 1248 3056 Duct'ssae.ff
