1969 3293
608 234 815 271 FRATRES
843 244 899 271 Ac
926 233 1140 271 SORORES.
1625 232 1690 268 :381

64 339 168 373 ctae
190 331 357 372 Clarae
379 331 585 383 quotidie
607 338 651 371 et
671 331 717 370 in
738 337 1012 382 perpetuum
1039 342 1124 381 pro
1150 341 1349 369 suorum
1368 329 1591 380 filiorum
1623 330 1696 368 de-

51 404 336 454 functorum
358 403 603 442 animabus
625 401 769 441 Missa
792 402 1074 442 celebretur:
1099 401 1319 452 quoniam
1341 406 1495 440 autem
1518 400 1573 440 de
1594 401 1697 440 solo

60 473 308 523 Roderico,
328 479 377 513 ut
397 473 494 513 vita
516 473 689 525 functo,
713 473 759 512 in
781 478 1060 512 testamento
1083 483 1309 523 expressa
1330 471 1378 511 fit
1399 472 1587 521 mentio,
1611 472 1698 511 sub

60 556 176 585 voce
196 544 274 583 illa
297 543 511 594 filiorum
546 544 668 584 hunc
700 544 838 583 etiam
870 543 1164 594 Alphonsum
1191 542 1332 582 tacite
1363 542 1697 593 comprehendi

61 615 183 656 haud
211 621 385 655 temere
406 615 508 666 quis
529 615 850 654 arbitrabitur.

141 686 275 736 Quod
297 686 335 725 si
356 692 607 736 quaeratur
639 697 721 725 cur
749 691 797 725 ut
825 684 1065 734 Roderici‚
1097 684 1161 724 ita
1190 684 1331 724 etiam
1359 684 1590 735 Alphonsi
1620 695 1696 723 ex-

60 769 218 810 presse
243 768 336 796 non
371 756 633 796 meminerit
668 756 936 796 testamenti
972 755 1202 805 conditor,
1237 755 1615 806 quandoquidem
1646 760 1695 793 ut

60 828 318 868 Rodericus
330 827 397 867 sic
415 827 685 878 Alphonsus
697 827 796 866 vita
812 826 998 866 functus
1010 824 1107 876 jam
1125 825 1290 875 fuerat,
1310 825 1699 876 respondebimus

58 898 273 939 Roderici
294 898 340 938 in
360 904 640 938 testamento
664 897 946 938 mentionem
968 896 1057 935 hac
1079 896 1217 935 unica
1249 896 1428 936 ratione
1457 896 1577 946 fieri,
1613 895 1697 935 do-

59 969 286 1020 nationes,
311 980 394 1019 sc„
418 969 521 1020 ipsi,
548 969 658 1009 dum
681 969 879 1013 viveret,
904 968 1055 1007 factas
1079 967 1363 1006 revocando.

138 1039 347 1080 Thomae
367 1051 482 1080 vero
503 1045 548 1080 et
569 1039 858 1091 Margaritae
880 1037 1052 1078 mentio
1073 1037 1200 1077 nulla
1221 1036 1322 1076 fieri
1355 1043 1562 1088 poterat,
1588 1038 1695 1088 quia

60 1113 146 1152 hoc
168 1123 290 1151 anno
316 1110 416 1151 1538
435 1111 641 1151 nondum
662 1111 759 1150 nati
781 1116 929 1150 erant.

139 1400 240 1438 smum
265 1397 339 1438 Ad
367 1408 465 1437 rem
491 1396 632 1436 etiam
659 1395 715 1435 de
749 1406 841 1447 qua
877 1394 1062 1445 agimus
1098 1394 1307 1434 conferet
1343 1393 1595 1444 plurimum
1631 1405 1699 1432 se—

63 1481 208 1521 quens
229 1469 468 1520 hucusque
489 1466 715 1507 ineditum
1445 1474 1449 1477 ¹

270 1747 610 1775 TESTAMENTL'M
639 1740 802 1774 Ima-ma
833 1738 926 1773 ΒΑΕ
963 1744 1175 1778 JOANNAE
1207 1744 1268 1772 DE
1300 1743 1493 1771 ARAGON

645 1817 854 1844 GANDIAE
886 1815 1109 1843 DUCISSAE

142 2038 228 2088 (Ex
249 2037 538 2089 apographo,
562 2035 699 2088 quod,
724 2048 781 2076 ex
803 2034 1031 2075 Archivio
1048 2033 1218 2074 Ducali
1237 2032 1450 2073 Gandiae
1467 2038 1700 2073 transum—

63 2114 205 2160 ptum,
230 2109 431 2149 habebat
448 2107 874 2158 Caesaraugustae,
896 2117 1017 2146 anno
1038 2103 1153 2154 1894,
1173 2103 1517 2144 Marchionissa
1534 2103 1590 2144 de
1611 2103 1702 2144 Na-

63 2180 261 2230 varres.)

140 2250 227 2291 Die
249 2251 482 2291 intitulato
506 2249 619 2290 XIX
643 2248 915 2289 Decembris
938 2258 1060 2287 anno
1083 2245 1384 2286 MDXVHL

140 2322 209 2362 En
230 2323 270 2362 el
291 2322 483 2362 nombre
505 2321 561 2361 de
582 2326 771 2360 nuestro
799 2319 946 2360 Sefior
967 2318 1085 2359 Dios
1111 2317 1368 2370 Jesucristo
1389 2329 1421 2368 y
1443 2315 1498 2356 de
1522 2317 1567 2356 la
1588 2328 1700 2368 muy

62 2393 267 2444 gloriosa
295 2392 478 2444 Virgen
510 2391 655 2432 Santa
686 2391 837 2431 Maria
872 2390 1034 2430 Madre
1065 2401 1183 2440 suya
1220 2387 1465 2428 advocada
1501 2387 1556 2428 de
1592 2388 1699 2427 toda

65 2463 383 2505 christiandad
412 2476 436 2504 e
463 2463 557 2503 mia
587 2474 697 2514 muy
727 2462 937 2514 piadosa.
971 2460 1090 2500 Pues
1120 2460 1254 2500 todas
1289 2460 1359 2498 las
1395 2470 1532 2498 cosas
1569 2458 1701 2498 deste

65 2535 233 2575 mundo
255 2547 339 2575 son
360 2541 441 2575 tan
461 2540 814 2574 momentaneas
830 2545 860 2584 y
882 2532 938 2572 de
959 2543 1077 2584 poca
1095 2530 1274 2571 durada
1291 2543 1322 2581 y
1339 2531 1383 2570 la
1400 2536 1579 2570 muerte
1602 2541 1701 2569 cor-

66 2607 195 2657 poral
215 2611 296 2646 tan
318 2606 485 2656 cierta,
511 2616 645 2645 como
666 2617 697 2656 y
719 2603 905 2656 quando
928 2614 977 2643 es
998 2614 1108 2654 muy
1130 2602 1349 2651 incierto,
1374 2612 1399 2640 e
1421 2613 1447 2640 a
1465 2600 1574 2640 toda
1596 2612 1700 2651 pru-

67 2676 199 2717 dente
224 2688 427 2729 persona
455 2682 729 2728 pertenesce
758 2675 977 2727 disponer
1007 2674 1063 2714 de
1094 2675 1165 2713 los
1194 2673 1353 2713 bienes
1386 2683 1474 2723 que
1509 2678 1702 2712 nuestro

68 2746 212 2788 Sefior
232 2748 348 2788 Dios
368 2759 426 2787 en
447 2753 547 2788 esta
566 2752 781 2798 presente
802 2745 913 2786 vida
939 2746 981 2785 le
1010 2745 1071 2785 ha
1098 2742 1463 2784 encomendadO.
1488 2742 1580 2783 Por
1601 2750 1702 2783 esto

68 2830 126 2870 yo
148 2819 284 2859 Dofia
303 2818 453 2871 Juana
475 2817 531 2858 de
553 2818 747 2876 Aragon
764 2817 987 2868 Duquesa
1003 2816 1058 2856 de
1078 2815 1284 2865 Gaudia,
1304 2826 1420 2854 sana
1438 2814 1493 2854 de
1511 2825 1701 2866 cuerpo,

69 2901 154 2929 eon
170 2890 231 2930 mi
246 2896 407 2929 entera
423 2888 647 2929 voluntad
663 2901 694 2940 y
711 2887 1095 2937 entendimiento,
1120 2885 1328 2935 distinta,
1358 2886 1486 2925 clara
1510 2897 1532 2924 e
1555 2885 1704 2925 inteli—

68 2961 187 3011 gible
211 2961 425 3012 palabra,
454 2971 541 3012 por
568 2959 731 3010 gracia
758 2958 814 2998 de
844 2964 1033 2998 nuestro
1063 2956 1210 2998 Sefior
1240 2956 1376 3006 Dios,
1409 2956 1696 3006 revocando,

69 3032 271 3072 casando
291 3044 322 3083 y
344 3030 595 3071 anullando
616 3030 750 3070 todos
771 3042 802 3080 y
824 3028 1114 3080 cualesquier
1143 3032 1450 3068 testamentos
1479 3026 1704 3067 codicilos
