1969 3293
206 153 277 190 694
754 154 797 192 S.
826 146 1100 193 FRANclscth
1128 156 1301 195 BORGIA

208 251 308 290 ciae
328 248 336 268 ¹
355 261 474 302 quae
498 249 687 291 fuerunt
707 251 842 292 nobis
864 253 1046 292 solutae
1068 259 1112 293 et
1133 254 1380 306 integriter
1401 255 1672 297 satisfactae
1690 257 1749 297 ad
1765 269 1845 298 no—

208 328 355 361 stram
389 321 706 361 omnimodam
728 323 1039 374 voluntatem,
1064 331 1108 364 et
1130 324 1281 375 ipsam
1303 326 1489 377 quidem
1511 327 1666 367 dotem
1695 328 1846 369 eidem

207 392 379 432 illustri
399 392 614 432 Domnae
635 391 848 445 Joannae
870 393 926 434 de
954 393 1198 447 Aragonia
1228 394 1419 449 conjugi
1449 404 1640 438 nostrae
1669 403 1714 439 et
1748 400 1848 440 suis

207 464 407 513 solvere,
426 463 673 504 restituere
691 476 746 504 ac
759 470 950 506 tornare
972 465 985 484 “²
1007 467 1383 517 prommissimus
1404 469 1449 508 in
1468 470 1593 509 omni
1611 469 1715 509 loco
1733 476 1845 510 tem-

203 543 320 586 pore
356 540 400 574 et
435 545 549 575 casu
585 535 706 575 dotis
741 536 1080 586 restituendae,
1111 538 1344 590 etiamque
1375 540 1529 596 dotem
1555 540 1847 592 praedictam

208 606 358 647 eidem
378 606 550 646 Illustri
570 605 801 646 Ducissae
825 607 1013 659 conjugi
1035 614 1225 649 nostrae
1247 616 1291 650 et
1313 611 1409 651 suis
1431 612 1811 652 assecuravimus
1832 611 1848 630 ³

208 690 263 718 ac
293 678 561 730 specialiter
583 684 628 718 et
649 690 872 730 expresse
899 679 1234 731 impossuimus
1255 681 1302 721 in
1323 688 1366 722 et
1388 694 1527 733 super
1549 683 1745 723 baronia
1768 695 1845 723 no-

207 756 305 790 stra
322 749 377 790 de
394 749 609 801 Lombay
631 762 686 789 ac
707 750 824 790 locis
846 749 1068 802 ejusdem,
1088 752 1321 803 videlicet,
1347 753 1560 805 Lombay
1582 754 1742 794 Alfars
1763 754 1848 795 Ca-

207 820 378 861 tadaur
399 826 443 860 et
463 820 645 860 Aledua
663 828 801 872 prout
833 821 878 861 in
903 822 1225 863 instrumentis
1244 835 1299 863 ac
1321 824 1538 875 capitulis
1569 825 1844 876 praedictis3

208 892 267 932 ad
283 903 402 944 quae
424 904 509 932 nos
531 891 777 932 referimus
799 893 930 944 large
953 893 1028 933 hic
1051 900 1095 933 et
1117 894 1209 934 alia
1231 893 1269 945 ⁴,
1299 895 1525 946 scriptum
1553 896 1745 947 legitur,
1777 908 1843 936 se-

207 969 458 1015 cutumque
480 970 641 1015 postea
662 963 747 1004 fuit
768 964 894 1015 quod
922 965 1137 1016 praefata
1161 965 1357 1006 illustris
1375 965 1562 1007 Domna
1582 967 1768 1019 Joanna
1791 968 1848 1008 de

206 1035 452 1086 Aragonia
465 1047 661 1075 consors
678 1041 841 1075 nostra
859 1036 1180 1087 dilectissima,
1200 1037 1259 1077 ad
1276 1045 1475 1078 mortem
1492 1039 1689 1079 veniens
1709 1050 1847 1079 suum

207 1107 415 1147 condidit
452 1107 667 1147 ultimum
695 1113 1028 1147 testamentum
1062 1108 1109 1148 in
1136 1109 1261 1149 dicta
1291 1115 1454 1149 nostra
1490 1110 1602 1150 villa
1633 1109 1850 1150 Gandiae

207 1179 410 1230 imposse
432 1177 446 1197 ⁵
467 1185 511 1218 et
533 1190 677 1218 manu
698 1179 989 1219 honorabilis
1024 1186 1069 1219 et
1106 1179 1298 1220 discreti
1335 1178 1349 1198 ⁶
1387 1180 1584 1234 Joannis
1626 1181 1699 1221 del
1737 1180 1850 1221 Port

205 1373 266 1392 vos
285 1366 324 1392 de
342 1365 376 1392 ‘24
392 1365 556 1392 Dtneros.
579 1363 628 1392 La
652 1364 759 1391 Libra
791 1364 1007 1392 Valencz·ana
1032 1372 1067 1391 es
1082 1365 1175 1399 igual
1198 1366 1232 1392 al
1252 1372 1332 1399 peso
1348 1366 1388 1392 de
1405 1366 1501 1400 plata
1517 1365 1556 1392 de
1574 1365 1624 1393 128
1638 1369 1791 1400 quartos.
1805 1365 1848 1392 El

206 1413 297 1440 Real
312 1414 354 1440 de
368 1413 469 1447 plata
487 1420 614 1446 mtevo,
630 1412 662 1439 10
676 1412 715 1439 de
731 1413 781 1439 los
796 1413 910 1439 cuales
926 1419 1111 1446 componen
1128 1413 1160 1439 la
1176 1411 1298 1445 Libra,
1312 1413 1391 1440 vale
1407 1413 1424 1440 2
1445 1413 1593 1440 Sueldos
1607 1415 1624 1440 o
1640 1413 1675 1440 24
1690 1412 1844 1440 Dineros

206 1461 449 1493 Valencianos,
463 1469 484 1496 y
500 1461 658 1495 equivale
674 1462 694 1487 a
715 1460 746 1486 12
761 1460 795 1494 ⁴1¹⁵
811 1463 954 1494 quartos
966 1462 984 1487 0
997 1460 1058 1487 abt
1080 1461 1111 1494 'ss
1127 1461 1362 1488 maravedises
1375 1460 1414 1487 de
1426 1462 1550 1488 vellon.
1565 1461 1608 1488 El
1619 1460 1711 1488 Real
1723 1461 1850 1496 depla-

206 1512 242 1536 ta
259 1510 404 1541 antiano
419 1509 500 1541 (fere
517 1508 691 1535 dimidium
707 1508 842 1541 franci),
858 1507 875 1534 8
890 1507 929 1534 de
942 1508 992 1534 105
1004 1508 1122 1541 quales
1134 1515 1320 1542 componen
1331 1516 1399 1535 una
1414 1508 1522 1536 Libra
1538 1508 1753 1536 Valeneiana
1767 1510 1847 1536 vale

206 1557 222 1583 2
241 1558 270 1591 Ὺ,
287 1556 437 1583 §uelatos
453 1559 470 1583 ό
487 1556 521 1582 ‘30
537 1555 690 1582 Dtneros
705 1555 947 1586 Valencianos.
963 1564 984 1591 y
1000 1563 1035 1582 es
1048 1556 1141 1589 igual
1158 1558 1177 1583 a
1194 1556 1226 1582 16
1241 1561 1400 1590 quartos,
1423 1559 1441 1583 ὁ
1457 1559 1476 1583 a
1499 1557 1534 1583 64
1555 1556 1791 1584 maravedises
1806 1556 1846 1584 de

206 1605 331 1632 vellon.
348 1603 389 1630 El
406 1603 497 1630 Real
511 1604 554 1630 de
569 1604 670 1638 plata
694 1603 929 1635 Valencz'ano,
953 1603 985 1629 13
1001 1603 1036 1637 's³
1059 1604 1097 1630 de
1113 1604 1164 1631 los
1179 1605 1297 1638 quales
1312 1612 1498 1639 componen
1513 1612 1580 1632 una
1596 1604 1705 1631 Libra
1721 1604 1845 1632 Valen-

205 1654 316 1683 ciana.
330 1654 408 1680 vale
425 1653 437 1679 1
456 1653 489 1687 'Q
507 1652 647 1683 Sue-(do,
658 1655 676 1679 o
691 1652 723 1679 18
735 1651 880 1679 Dineros
892 1651 1137 1685 Valencianos,
1150 1661 1171 1687 y
1184 1660 1219 1679 es
1232 1653 1263 1679 lo
1276 1653 1395 1680 mismo
1408 1660 1471 1687 que
1485 1652 1501 1679 9
1517 1653 1551 1687 ‘l⁵
1568 1656 1713 1687 quartos
1728 1655 1746 1680 ό
1759 1652 1795 1679 38
1811 1651 1853 1687 ¹(⁸

206 1701 444 1729 maravedises
460 1701 499 1727 de
516 1701 661 1734 vellon..⁷

262 1749 313 1776 Ex
330 1749 450 1783 quibus
465 1748 620 1775 omnibus
635 1748 754 1775 deduci
770 1748 906 1775 videtur
924 1748 968 1775 1.ο
984 1752 1141 1775 monetae
1159 1748 1433 1775 aestimationem
1446 1756 1511 1775 non
1524 1749 1609 1776 adeo
1623 1749 1758 1777 variam
1773 1749 1851 1776 suis-

206 1806 241 1824 se
259 1798 291 1825 in
307 1797 471 1824 Valentia
493 1800 529 1823 ut
552 1797 585 1823 in
606 1796 774 1829 Castella;
796 1796 842 1823 20
865 1796 1041 1823 denarium
1063 1795 1277 1823 valentinum
1297 1803 1431 1830 semper
1453 1796 1673 1823 aestimatum
1696 1796 1799 1824 fuisse
1814 1800 1852 1825 ut

207 1845 441 1873 duodecimam
457 1849 592 1878 partem
608 1844 705 1871 solidi
720 1852 725 1878 ;
742 1844 829 1871 hunc
846 1851 928 1871 vero
944 1847 979 1871 ut
996 1843 1199 1877 vigesimam
1214 1847 1350 1878 partem
1367 1844 1487 1871 librae.

260 1893 322 1920 His
337 1892 468 1927 positis,
485 1895 517 1918 et
534 1900 620 1926 quae
636 1892 668 1918 in
684 1892 904 1925 praecedenti
921 1891 1143 1918 annotatione
1167 1891 1343 1924 dicuntur,
1367 1899 1455 1918 anno
1473 1891 1540 1919 1529
1560 1892 1652 1919 libra
1673 1892 1852 1920 valentina

207 1941 379 1976 aequabat
397 1940 536 1967 circiter
553 1941 585 1966 10
602 1940 636 1974 's¹
654 1939 790 1973 regalia
809 1941 981 1973 argentea
997 1939 1209 1966 castellanae
1232 1943 1389 1966 monetae
1401 1961 1407 1972 ,
1430 1947 1571 1973 quorum
1586 1940 1721 1974 singula
1735 1940 1770 1967 34
1784 1948 1851 1968 ma-

211 1989 368 2016 rabitinis
392 1989 597 2015 constabant
610 2009 616 2021 ,
640 1988 688 2014 sic
711 1988 800 2014 enirn
824 1995 945 2014 verum
960 1987 1026 2014 erit
1045 1987 1062 2013 7
1074 1986 1128 2013 000
1141 1985 1194 2013 000
1216 1987 1452 2013 marahttmos
1467 1988 1677 2015 castellanae
1693 1991 1850 2015 monetae

206 2038 294 2064 idem
310 2045 383 2063 esse
399 2044 439 2064 ac
458 2036 489 2063 19
503 2036 555 2063 600
569 2036 682 2062 lzbras
699 2036 905 2062 valentinas.
920 2034 995 2062 Hac
1009 2038 1125 2062 autem
1142 2033 1173 2061 19
1187 2033 1240 2061 600
1254 2034 1380 2067 librae,
1393 2034 1442 2062 102
1455 2035 1507 2062 900
1522 2043 1563 2062 ex
1575 2035 1748 2063 hodiernis
1762 2035 1852 2063 fran-

208 2086 256 2112 cis
269 2092 418 2119 aequare
432 2084 610 2111 dicendum
624 2084 770 2110 videtur.

263 2138 272 2152 ¹
314 2134 476 2159 monetae
492 2132 668 2165 regalium
694 2131 893 2158 Valencicze.
909 2131 990 2158 “Asi
1006 2138 1133 2158 mesmo
1148 2134 1288 2158 nuestro
1306 2130 1557 2165 Conquistador
1572 2131 1733 2164 (jacobus
1756 2132 1782 2165 I)
1802 2133 1851 2160 la-

208 2183 268 2208 bro
284 2180 445 2208 monedas
459 2180 498 2206 de
515 2181 611 2214 plata
627 2188 647 2215 y
664 2180 805 2206 llamoIa
822 2179 898 2205 real
912 2186 973 2213 por
988 2186 1044 2206 ser
1060 2179 1099 2205 de
1113 2186 1174 2214 rey
1189 2187 1210 2214 y
1227 2179 1267 2205 de
1284 2179 1404 2206 ciudad
1420 2180 1503 2206 real.
1524 2180 1549 2206 A
1566 2187 1634 2207 una
1650 2184 1750 2214 parte
1766 2186 1848 2214 puso

208 2238 247 2256 su
262 2230 387 2256 cabeza
403 2228 585 2258 coronada.
598 2235 659 2254 con
675 2228 705 2254 el
721 2228 821 2254 titulo
837 2227 877 2253 de
890 2226 1048 2261 jacobus
1063 2226 1152 2254 Rex:
1167 2235 1189 2262 y
1204 2229 1224 2253 a
1240 2227 1272 2253 la
1288 2231 1365 2254 otra
1380 2234 1423 2253 un
1439 2228 1534 2254 arbol
1551 2235 1612 2254 con
1633 2235 1699 2255 una
1715 2235 1805 2262 cruz;
1828 2236 1850 2264 y

209 2285 248 2303 en
263 2276 478 2305 e11·uedo.de
494 2274 702 2309 Mallon-ay
719 2275 764 2301 da
791 2274 992 2302 Valencz'a...
1010 2274 1060 2301 La
1080 2274 1224 2301 moneda
1246 2275 1285 2300 de
1307 2275 1422 2301 vellon
1445 2277 1584 2308 (cuprea
1608 2275 1662 2302 vel
1685 2283 1726 2302 ex
1746 2281 1851 2309 cupro

209 2331 242 2351 et
258 2325 425 2358 argento),
441 2324 510 2359 hoy
526 2323 582 2350 dia
598 2324 698 2353 (anno
716 2322 843 2356 1610)1a
859 2330 1101 2350 conservamos
1116 2330 1155 2349 en
1177 2327 1249 2349 este
1268 2323 1361 2349 reino
1384 2330 1423 2349 en
1447 2330 1484 2349 su
1506 2323 1648 2357 antigua
1664 2331 1685 2358 y
1703 2323 1853 2357 primera

209 2374 328 2406 forma,
345 2372 373 2399 si
388 2372 465 2398 bien
481 2374 553 2398 mas
568 2371 648 2405 baja
663 2370 703 2397 de
719 2371 785 2406 ley,
801 2377 862 2405 por
878 2370 984 2397 echas
1000 2377 1116 2397 menos
1132 2370 1227 2404 plata
1245 2377 1284 2397 en
1301 2371 1379 2397 ella.
1396 2369 1481 2397 Pero
1494 2378 1535 2397 no
1551 2371 1584 2397 la
1601 2370 1639 2397 de
1657 2371 1764 2405 plata.
1778 2377 1853 2405 por-

209 2427 273 2454 que
289 2421 320 2446 el
337 2419 412 2446 real
427 2419 639 2446 ‘malenciano
655 2426 700 2453 ya
715 2425 756 2445 no
772 2418 802 2444 le
817 2419 950 2444 acunan
965 2425 1027 2444 con
1045 2418 1142 2444 arbol
1157 2425 1178 2452 y
1194 2424 1284 2450 cruZ,
1300 2417 1373 2444 sino
1389 2425 1449 2444 con
1467 2418 1516 2444 los
1529 2419 1625 2452 palos
1642 2418 1680 2444 de
1696 2418 1851 2452 Aratum,

212 2468 378 2494 haciendo
396 2467 510 2494 reales
526 2466 702 2499 sencz'llos,
719 2473 782 2500 que
799 2467 899 2492 valen
914 2473 959 2493 un
975 2466 1091 2492 sueldo
1108 2473 1128 2500 y
1145 2465 1211 2492 seis
1227 2465 1380 2492 dinei-os:
1398 2466 1559 2492 doblones
1577 2473 1638 2500 que
1663 2467 1763 2493 valen
1781 2471 1852 2493 tres

208 2515 342 2542 sueldos
357 2524 378 2550 y
395 2515 555 2542 doblones
571 2521 729 2550 mayores
745 2521 807 2548 que
823 2514 926 2540 valen
941 2514 1016 2541 seis:
1033 2522 1051 2547 y
1068 2521 1127 2540 son
1145 2513 1184 2539 de
1200 2518 1259 2540 tan
1275 2514 1348 2540 alta
1363 2514 1417 2549 ley
1436 2514 1551 2546 todos,
1568 2521 1631 2547 que
1658 2521 1693 2540 se
1715 2514 1766 2541 los
1791 2515 1849 2541 lle-

211 2571 277 2590 vttn
305 2564 355 2590 los
377 2563 615 2597 exteranjeros
638 2564 657 2589 a
679 2565 831 2588 remotas
852 2561 1048 2596 provincias
1070 2568 1155 2595 para
1178 2568 1289 2594 ganas
1313 2568 1375 2587 con
1400 2562 1513 2595 ellos.„
1538 2561 1728 2595 EscotANo,
1752 2563 1776 2588 l.
1804 2569 1850 2596 1v,

209 2618 236 2637 c.
254 2619 336 2638 xxu.

265 2658 279 2676 ἵ
316 2660 480 2690 tornare,
495 2658 650 2685 reddere.

262 2706 276 2725 ⁵
314 2706 428 2733 dotem
445 2707 739 2733 assecuravimus
755 2708 791 2733 z'n
809 2708 841 2733 et
856 2710 1010 2741 super...,
1022 2705 1164 2739 pignore
1178 2705 1231 2732 vel
1245 2704 1472 2739 fideijussione
1488 2704 1694 2739 interposita
1707 2704 1850 2736 (scilicet

209 2754 398 2787 baronia...)
407 2762 563 2781 securam
574 2754 688 2782 dotem
698 2753 1219 2788 reddidimus.—z‘mpossuimns
1234 2752 1351 2779 dotem
1368 2752 1405 2778 in
1418 2754 1451 2778 et
1463 2756 1620 2787 super...,
1629 2752 1850 2786 imposuimus

209 2801 410 2829 baroniae...
427 2809 510 2828 onus
526 2802 616 2828 dotis
631 2802 828 2830 solvendae.

266 2850 280 2869 ⁴
318 2849 364 2876 ad
379 2856 469 2883 quae
486 2856 546 2875 uos
563 2849 758 2882 referimus
772 2851 873 2883 large
887 2849 944 2876 hic
960 2851 992 2876 et
1009 2849 1095 2879 alia,
1109 2855 1195 2883 quae
1208 2846 1340 2882 prolixe
1354 2847 1527 2875 afferimus
1543 2847 1597 2874 hic
1613 2851 1647 2875 et
1663 2846 1757 2874 alibi.

264 2896 277 2916 ὕ
317 2898 487 2931 z'mposs‘e,
516 2896 550 2923 in
576 2904 694 2931 posse,
722 2897 753 2924 in
781 2900 967 2931 potestate.
996 2896 1015 2923 i.
1042 2903 1069 2922 e.
1096 2895 1290 2922 tabellionis
1317 2894 1512 2922 testimonio
1537 2901 1609 2921 rem
1626 2894 1850 2928 consignante

209 2945 378 2979 Joanne...

263 2991 277 3013 6
314 2992 474 3023 discretz,
488 2992 678 3026 prudentis.
