1969 3293
207 134 277 170 702
753 131 796 169 S.
827 132 860 169 F
864 142 1099 169 RANCISCUS
1126 132 1300 170 BORGIA

210 231 402 271 inferius
422 229 741 280 nominandis,
767 241 965 280 quorum
987 229 1173 281 quidem
1191 231 1479 270 censualium
1496 231 1744 282 pensiones
1761 216 1846 271 nos

209 302 408 341 facimus
430 312 485 341 ac
507 300 663 341 facere
684 307 728 340 et
750 302 935 341 solvere
957 307 1192 352 tenemur,
1214 307 1265 342 ut
1286 303 1424 342 latius
1440 302 1633 343 inferius
1650 303 1844 354 dicetur;

210 372 374 413 itcirco
403 372 459 412 ab
494 383 637 411 onerc
664 372 896 412 dictorum
927 373 1219 412 censualium
1250 372 1478 424 francam,
1518 374 1721 425 quiciam
1759 373 1767 392 ¹
1803 381 1846 414 et

210 449 498 494 exemptam,
541 443 892 494 praedictorum
926 443 1062 484 vobis
1100 444 1300 484 facimus
1334 444 1662 484 vendicionem
1698 456 1752 484 ac
1786 446 1848 485 in-

210 515 435 564 solutum,
473 514 734 564 dationem;
773 526 893 565 quae
923 515 1109 566 quidem
1147 526 1319 555 censua
1355 521 1462 555 sunt
1502 516 1591 556 ista
1625 527 1743 567 quae
1782 528 1848 556 se-

205 590 428 637 ‘quuntun

290 657 347 696 Et
369 657 540 708 primo,
571 657 805 708 francam,
836 657 1037 708 quiciam
1070 664 1114 697 et
1146 664 1436 709 exemptam,
1464 658 1661 698 liberam
1688 670 1743 697 ac
1770 658 1849 697 im-

210 740 397 768 munem
425 728 485 768 ab
511 728 729 768 omnibus
756 728 851 768 illis
886 729 1156 780 quingentis
1194 729 1443 780 sexaginta
1479 729 1658 770 duobus
1693 729 1852 769 solidis

211 812 295 840 sex
316 799 520 840 denariis
537 798 634 851 jam
657 800 809 840 dictae
830 806 1046 840 monetae
1068 801 1366 841 censualibus
1387 806 1472 840 etc.
1493 813 1609 852 quos
1625 813 1711 841 nos
1728 812 1852 841 anno

212 871 417 922 quolibet
450 871 651 911 facimus
681 871 947 911 honorabili
973 872 1154 925 Joanne
1185 871 1368 922 Angele
1400 871 1456 912 de
1490 871 1737 923 Sentpere,
1771 883 1852 912 seu

214 943 488 983 haerentiae
509 942 523 960 ²
545 942 715 994 ipsius,
734 954 859 983 nona
883 943 1113 983 mensium
1141 942 1268 995 Junii
1292 948 1336 983 et
1358 943 1657 990 DecembriS.
1682 943 1852 983 media-

212 1014 315 1061 tim,
341 1014 443 1065 qui,
468 1014 779 1054 instrumento
800 1014 985 1065 gratiae
1007 1014 1266 1065 mediante,
1290 1014 1457 1054 redimi
1483 1020 1528 1054 et
1555 1014 1725 1065 quitari
1751 1026 1852 1065 pos-

216 1090 323 1125 sunt
344 1085 494 1137 pretio
515 1097 687 1126 novem
708 1086 830 1126 mille
852 1086 1125 1126 solidorum.

296 1157 409 1197 Item
444 1157 502 1197 ab
533 1157 750 1197 omnibus
780 1157 871 1197 illis
900 1157 1024 1197 mille
1061 1164 1248 1197 centum
1283 1157 1660 1209 vigintiquinque
1695 1156 1856 1197 solidis

212 1228 484 1280 praedictae
511 1235 729 1269 monetae
761 1228 1080 1279 censualibus,
1111 1240 1228 1280 quos
1255 1240 1342 1269 nos
1370 1240 1492 1268 anno
1520 1228 1726 1280 quolibet
1746 1228 1855 1267 faci—

214 1311 342 1351 mus,
366 1300 617 1352 sacereque
639 1312 694 1340 ac
713 1301 897 1340 solvere
914 1306 1128 1340 tenemur
1145 1300 1289 1340 nobili
1304 1299 1511 1340 Manueli
1528 1299 1584 1339 de
1601 1299 1853 1348 Vilanova‚

146 1390 151 1395 ·
214 1372 293 1423 qui
315 1371 425 1423 obit,
450 1371 602 1412 milior
624 1371 658 1422 ⁵,
682 1383 765 1412 seu
787 1371 1069 1412 haerenciae
1091 1371 1252 1423 ipsius,
1276 1383 1401 1412 nona
1421 1371 1653 1411 mensium
1668 1371 1794 1424 Junii
1813 1376 1857 1410 et

215 1442 511 1494 Decembris,
535 1443 800 1494 mediatim,
824 1443 926 1495 qui,
949 1443 1261 1483 instrumento
1289 1443 1473 1494 gratiae
1501 1443 1755 1493 mediante,
1788 1454 1854 1482 re-

214 1514 328 1554 dimi
348 1520 392 1554 et
414 1514 586 1566 quitari
608 1520 804 1566 possunt
825 1514 976 1566 pretio
1000 1514 1162 1554 decem
1186 1520 1293 1555 octo
1314 1514 1438 1554 mille
1454 1513 1712 1554 solidorum
1726 1525 1856 1565 prae-

214 1586 368 1626 dictae
390 1592 620 1626 monetae.

298 1657 413 1697 Item
434 1658 492 1697 ab
514 1658 730 1698 omnibus
749 1658 838 1698 illis
860 1664 1048 1698 centum
1076 1657 1352 1708 octuaginta
1379 1663 1558 1709 septem
1580 1656 1743 1696 solidis
1771 1667 1855 1695 sex

217 1729 424 1769 denariis
452 1729 605 1769 dictae
633 1735 848 1769 monetae
876 1729 1194 1780 censualibuS,
1227 1740 1343 1780 quos
1359 1740 1445 1768 nos
1473 1728 1615 1768 etiam
1641 1727 1854 1774 facimus,

218 1800 488 1852 facereque,
519 1801 704 1841 solvere
733 1813 788 1841 ac
821 1800 1106 1852 respondere
1142 1806 1355 1840 tenemur
1391 1799 1656 1840 honorabili
1690 1804 1735 1839 et
1768 1799 1855 1839 dis-

217 1879 346 1913 creto
378 1872 637 1913 Francisco
670 1873 842 1926 Joanni
875 1873 1126 1922 Ballester‚
1160 1872 1241 1924 qui
1271 1872 1390 1922 obit,
1418 1871 1624 1921 notario,
1658 1882 1781 1911 anno
1811 1871 1858 1910 in

218 1945 422 1996 quolibet
457 1945 731 1996 solvendos,
768 1956 895 1985 nona
923 1945 1098 1985 mensis
1128 1944 1276 1997 Junii,
1307 1944 1446 1984 unica
1476 1943 1730 1993 solutione,
1763 1942 1855 1993 qui,

217 2016 401 2067 gratiae
422 2017 753 2067 instrumento,
778 2016 944 2056 redimi
965 2022 1010 2056 et
1031 2015 1203 2067 quitari
1220 2021 1417 2067 possunt
1433 2014 1584 2067 pretio
1601 2014 1743 2054 trium
1760 2013 1857 2053 mil-

219 2088 260 2127 le
280 2087 556 2139 solidorum‚
582 2100 673 2140 qua
695 2099 860 2140 supra,
884 2093 1117 2128 monetae.

218 2200 261 2227 do
275 2201 452 2228 causarles
467 2201 517 2228 los
534 2202 706 2234 enemigos
721 2200 761 2227 de
777 2208 816 2227 su
831 2207 913 2227 raza
923 2199 962 2232 ?.„
987 2198 1146 2226 COROLEU
1169 2202 1202 2226 et
1218 2198 1331 2225 PELLA
1343 2220 1349 2232 ,
1372 2198 1439 2225 Los
1461 2198 1596 2225 Fueros
1615 2199 1658 2226 de
1674 2198 1860 2231 Catalufia,

220 2249 272 2275 tit.
288 2255 324 2282 11,
340 2255 368 2275 c.
387 2255 409 2275 1.
425 2247 543 2281 Quoad
555 2248 698 2283 judaeos
713 2248 763 2275 ita
778 2248 932 2275 scribunt
944 2247 1053 2282 jurati
1076 2246 1260 2274 Valentiae
1281 2246 1355 2280 regi
1380 2246 1579 2281 Aragoniae
1599 2246 1719 2279 Joanni
1741 2246 1755 2273 I
1778 2246 1831 2273 die
1845 2245 1861 2272 9

219 2297 284 2329 Jul.
300 2297 379 2324 anni
398 2296 482 2323 1391:
500 2296 584 2323 “Per
601 2297 690 2323 letra
705 2296 745 2323 de
761 2297 795 2323 la
810 2301 929 2323 vostra
945 2294 1205 2329 magnificencia
1217 2294 1324 2329 pochs
1337 2294 1409 2321 dies
1421 2302 1479 2321 son
1493 2298 1640 2328 passats,
1652 2301 1714 2329 per
1725 2295 1775 2322 los
1786 2294 1864 2321 ade-

220 2344 350 2371 lantats
365 2344 405 2371 de
421 2344 455 2371 la
468 2344 605 2379 juheria
621 2344 788 2378 daquesta
804 2343 921 2371 Ciutat
935 2342 1081 2375 liurada,
1099 2342 1155 2369 fon
1170 2345 1287 2369 manat
1309 2349 1329 2369 a
1351 2343 1523 2369 nosaltres
1545 2349 1607 2376 que
1631 2341 1671 2368 de
1686 2341 1832 2376 paraula
1846 2348 1863 2366 e

219 2391 260 2417 de
276 2391 321 2418 fet
337 2392 363 2418 si
379 2392 439 2418 obs
453 2391 555 2423 seria,
572 2391 801 2425 corregissem
817 2399 833 2418 e
850 2390 972 2418 fessem
987 2389 1142 2424 corre-gir
1154 2389 1286 2424 aquells
1297 2389 1352 2424 qui
1365 2390 1407 2416 ab
1420 2389 1497 2416 folls
1512 2396 1633 2423 gosars
1648 2390 1863 2423 nolguessem

217 2439 366 2473 jujuriar
382 2448 398 2465 e
416 2439 466 2467 fer
482 2440 634 2473 oltratge
650 2447 670 2466 a
685 2440 718 2466 la
734 2440 870 2474 aljama
884 2439 923 2465 de
936 2439 970 2465 la
981 2438 1055 2465 dita
1069 2437 1223 2473 juheria,
1248 2445 1266 2464 o
1288 2444 1308 2464 a
1330 2437 1503 2471 singulars
1518 2437 1707 2471 daquella.„
1722 2436 1863 2464 CnAvAs

222 2488 310 2522 apud
327 2488 563 2521 ephemerides
580 2487 623 2514 El
639 2487 803 2521 Archivo,
817 2488 885 2514 vol.
906 2494 943 2521 V,
966 2486 1130 2514 fasciculo
1152 2485 1306 2513 111.-Hic
1331 2492 1414 2512 vero
1437 2493 1502 2512 non
1525 2485 1564 2512 de
1583 2485 1734 2520 judaeis,
1750 2484 1809 2511 sed
1823 2484 1864 2510 de

221 2535 349 2563 mauris
363 2535 543 2569 neophitis,
559 2535 702 2570 hispane
720 2536 900 2568 morz'scos,
915 2535 983 2568 agi,
999 2538 1095 2568 patet
1110 2541 1152 2560 ex
1167 2533 1358 2565 Escomxo,
1374 2532 1537 2559 Historia
1558 2532 1705 2566 general
1730 2532 1772 2559 de
1801 2531 1863 2559 Va-

221 2583 349 2616 lencia,
365 2583 386 2609 1.
403 2591 435 2616 x,
452 2591 481 2609 c.
496 2590 602 2617 xxxv,
619 2582 676 2610 ubi
692 2584 832 2617 loquens
848 2583 887 2609 de
902 2582 955 2609 his
971 2581 1099 2608 mauris
1114 2581 1199 2608 haec
1216 2581 1337 2608 habet:
1359 2581 1374 2592 “
1385 2579 1454 2607 Fue
1470 2580 1634 2608 asentado
1649 2587 1711 2614 por
1727 2586 1860 2607 concor⁷

221 2631 278 2657 dia
299 2629 405 2663 (anno
428 2631 513 2663 1530)
535 2639 598 2666 que
621 2638 775 2665 pagasen
799 2630 899 2658 todas
920 2630 972 2657 las
988 2629 1170 2664 Aljamas,
1186 2637 1229 2655 un
1246 2632 1342 2656 tanto
1366 2628 1451 2656 cada
1473 2630 1537 2655 ano
1552 2635 1638 2662 para
1652 2629 1703 2655 los
1716 2627 1865 2662 grandes

221 2681 341 2712 gastos
353 2685 415 2712 que
432 2678 533 2705 hacia
548 2679 581 2705 la
596 2683 697 2706 santa
713 2678 917 2713 Inquisicion
929 2684 992 2704 con
1005 2677 1089 2704 ellos
1094 2696 1181 2704 ........
1200 2675 1240 2703 El
1254 2675 1373 2710 Duque
1388 2676 1428 2703 de
1445 2675 1581 2703 Gandia
1595 2675 1641 2709 (S.
1659 2675 1865 2703 Franciscus

223 2724 357 2759 Borjia)
379 2733 441 2759 por
461 2726 595 2761 ayudar
618 2728 637 2752 a
657 2734 695 2753 su
716 2726 936 2759 conversion,
960 2733 982 2760 y
1003 2724 1228 2758 fomentati-la,
1253 2731 1349 2750 como
1366 2728 1424 2750 tan
1437 2723 1568 2757 grande
1583 2722 1699 2750 siervo
1715 2722 1754 2750 de
1771 2722 1865 2755 Dios,

222 2773 345 2800 mando
360 2772 500 2800 edificas
514 2781 557 2800 un
573 2774 782 2801 monasterio
798 2773 837 2800 de
852 2773 977 2808 padres
993 2772 1180 2799 dominicos
1203 2779 1244 2798 en
1266 2779 1305 2799 su
1320 2771 1547 2806 marquesado
1563 2770 1603 2797 de
1619 2770 1783 2806 Lombay,
1801 2777 1866 2804 que

222 2828 284 2848 era
300 2821 379 2847 todo
394 2822 436 2847 de
453 2823 632 2855 moris-cos,
648 2829 710 2856 que
727 2821 766 2848 de
783 2821 957 2849 ordinario
973 2821 1024 2847 los
1041 2824 1207 2847 actuasen
1223 2827 1263 2846 en
1279 2826 1377 2847 cosas
1393 2819 1432 2846 de
1448 2819 1510 2852 fe„

279 2869 288 2888 ¹
321 2868 507 2903 francam,
522 2869 715 2903 immunem,
731 2869 901 2903 quic-iam,
916 2869 1075 2895 solutam.

277 2916 291 2935 ’ἑ
328 2915 538 2943 haerenliae
553 2924 586 2944 et
602 2921 720 2950 postea
736 2917 962 2949 [merem-iae,
977 2915 1194 2944 haeredibus.

279 2963 293 2983 ³
331 2963 403 2991 Sic:
427 2964 534 2991 wilm
545 2966 562 2991 J)
