1969 3293
737 160 851 197 AmA
878 170 1140 197 DOCUMENTA
1687 156 1758 193 739

121 259 391 311 praedictae
411 258 551 297 villae
574 257 784 298 Gandiae
807 256 1059 306 absetibus,
1083 262 1208 307 pnte.
1232 266 1347 295 vero
1365 262 1409 295 et
1429 254 1666 306 provovis
1684 264 1757 293 ac-

121 336 339 380 ceptante
360 327 461 368 R.d0
481 327 620 367 Petro
642 327 825 377 Ferrer,
850 327 1078 367 canonico
1101 325 1308 377 ejusdem
1336 325 1563 365 ecclesiae
1593 330 1637 364 et
1667 324 1757 363 sin-

123 400 243 449 dico,
264 410 487 439 economo
507 404 549 438 et
566 404 870 449 procuratore
889 398 1000 437 dicti
1016 396 1109 438 Rffl
1127 397 1332 448 capituli,
1348 407 1509 437 omnes
1527 396 1631 435 illos
1648 407 1758 434 non-

122 477 292 522 gentos
313 470 481 521 viginti
501 480 644 509 unum
666 468 840 508 solidos
865 467 872 486 ¹
905 474 1120 508 monetae
1142 467 1372 517 regalium
1393 466 1628 506 valentiae
1657 477 1758 505 cen-

126 542 281 581 suales
302 540 621 580 reddituantes
643 546 686 578 et
717 540 963 589 annuales,
995 539 1128 578 annis
1156 539 1353 589 singulis
1386 537 1651 583 solvendos,
1688 535 1759 575 die

125 612 352 652 vicesimo
373 611 532 662 quinto
555 609 783 649 mensium
810 609 920 662 Julii
949 616 993 649 et
1020 608 1235 661 Januarii
1265 608 1523 657 mediatim3
1556 607 1635 659 qui
1665 606 1759 658 qui-

125 682 232 723 dem
251 693 334 734 per
356 681 530 721 dictum
550 681 677 721 Ill.fflfl
698 681 790 720 don
809 680 1067 720 Franciscu
1088 680 1144 720 de
1166 678 1305 730 Borja
1327 680 1445 719 duce
1475 678 1687 719 Gandiae
1717 683 1761 717 et

125 754 367 794 dominum
387 753 525 792 villae
546 759 590 792 et
612 752 833 792 baroniae
851 751 911 791 de
933 750 1121 791 Albalat
1143 750 1156 769 ‘³
1179 762 1260 802 per
1281 751 1429 803 Joane
1449 749 1663 799 SanchiZ,
1683 760 1761 788 no-

127 825 250 865 mine
271 835 355 864 suo
377 824 583 875 propriO,
607 829 651 862 et
673 830 721 862 ut
744 822 1005 874 syndicum,
1025 828 1234 861 actorem
1251 827 1296 861 et
1315 827 1672 872 procuratorem
1687 819 1762 872 Ju-

125 896 296 945 stiriae,
332 895 604 948 Juratorum
630 894 658 942 ’”·,
693 893 1014 934 vniversitatis
1040 891 1049 910 '⁶
1080 900 1124 932 et
1157 892 1467 943 singularium
1494 890 1762 943 praedictae

130 968 270 1007 villae
291 966 347 1006 de
368 966 557 1006 Albalat
578 966 716 1005 simul
737 971 780 1004 et
802 965 847 1004 in
869 964 1068 1003 solidum
1089 963 1275 1003 fuerunt
1298 963 1474 1003 venditi
1495 969 1539 1002 et
1560 962 1760 1013 origina-

131 1038 234 1078 liter
276 1038 457 1078 onerati
486 1037 618 1086 mihi,
660 1036 928 1087 praedictae
968 1034 1151 1074 donnae
1189 1034 1399 1086 joannae
1438 1034 1494 1074 de
1534 1044 1760 1083 meneses,

128 1121 237 1150 curn
273 1109 435 1149 instro.
471 1113 660 1159 recepto
687 1119 769 1158 per
796 1106 1001 1146 discreti]
1028 1106 1315 1145 franciscum
1348 1105 1577 1158 Joannem
1610 1104 1765 1155 Lopez

132 1181 368 1220 notarium
388 1179 460 1219 die
482 1179 706 1219 vicesimo
728 1178 887 1229 quinto
910 1177 1082 1216 mensis
1103 1176 1212 1228 Julii
1234 1176 1344 1216 anni
1362 1176 1572 1227 proxime
1589 1182 1766 1226 praete-

132 1251 210 1291 riti
232 1250 463 1291 millesimi
490 1249 852 1302 quingentesimi
879 1247 1329 1299 quadringentesimi
1356 1247 1490 1288 sexti.

195 1415 204 1431 ¹
242 1411 329 1438 Vide
345 1418 423 1445 pag.
438 1411 500 1444 677,
516 1415 630 1438 annot.
644 1411 661 1437 5
676 1414 709 1437 et

188 1458 201 1476 '²
238 1458 325 1485 Vide
344 1466 419 1492 pag.
434 1458 498 1487 37¹).

190 1506 203 1523 -“·
239 1505 433 1539 justitiae,
451 1505 664 1539 juratorum
687 1504 748 1531 “El
763 1503 925 1538 gobierno
941 1503 1123 1537 municipal
1144 1510 1179 1529 se
1203 1503 1408 1530 encomendo
1431 1504 1451 1529 a
1471 1506 1593 1530 cuatro
1615 1503 1768 1538 juradOS,

140 1553 239 1586 (Vide
253 1553 316 1585 686,
332 1557 447 1579 annot.
462 1553 490 1584 A)
505 1554 644 1578 numero
657 1560 719 1586 que
734 1559 769 1578 se
785 1552 881 1578 elevo
898 1553 917 1577 a
932 1550 997 1577 seis
1010 1552 1029 1577 a
1041 1550 1226 1584 principios
1242 1550 1295 1576 del
1307 1550 1394 1584 siglo
1406 1557 1476 1577 x1V.
1495 1550 1607 1577 habia
1619 1550 1769 1577 tambien

139 1609 183 1628 un
195 1601 334 1635 justicia
350 1608 412 1634 que
428 1600 583 1626 entendia
602 1600 641 1626 de
659 1601 709 1626 las
724 1606 846 1626 causas
862 1599 982 1625 civiles
997 1601 1015 1625 o
1031 1598 1237 1631 criminales,
1260 1605 1303 1624 un
1318 1598 1511 1624 almotacen
1527 1597 1714 1632 designado
1730 1605 1770 1624 en

139 1649 188 1675 los
205 1648 333 1674 Fueros
348 1655 410 1674 con
427 1649 456 1674 el
472 1648 611 1674 nombre
628 1647 666 1673 de
683 1646 861 1677 Mustazaf,
877 1654 898 1681 y
913 1653 955 1672 un
970 1645 1100 1672 sindico
1117 1653 1178 1678 que
1193 1652 1232 1671 en
1244 1645 1398 1678 aquellos
1414 1646 1558 1679 tiempos
1573 1653 1632 1672 era
1647 1645 1771 1672 inamo-

138 1696 242 1723 vible.
257 1695 299 1722 El
314 1695 584 1722 nombramiento
600 1694 639 1721 de
657 1694 752 1721 todos
768 1698 860 1720 estos
875 1700 998 1727 cargos
1015 1693 1256 1727 correspondia
1278 1694 1311 1719 al
1332 1700 1393 1726 rey
1416 1700 1456 1719 en
1478 1693 1510 1720 la
1533 1695 1637 1726 &poca
1652 1701 1693 1720 en
1707 1701 1770 1727 que

137 1751 173 1770 se
189 1743 417 1776 instituyeron
434 1743 535 1769 hasta
551 1749 613 1776 que
629 1749 758 1768 nuevos
772 1741 973 1775 privilegios
988 1749 1009 1776 y
1024 1740 1242 1767 concesiones
1255 1740 1417 1766 variaron
1431 1741 1715 1774 completamente
1731 1748 1771 1767 en

142 1791 242 1818 favor
258 1791 296 1817 de
313 1791 347 1817 la
362 1790 496 1821 ciudad,
512 1790 545 1816 la
561 1790 669 1816 forma
685 1789 724 1815 de
740 1796 778 1815 su
795 1789 943 1815 eleccion
959 1796 979 1822 y
994 1788 1278 1814 nombramiento.
1295 1786 1334 1814 El
1350 1795 1473 1821 cuerpo
1488 1787 1671 1822 municipal
1686 1792 1772 1815 esta-

141 1840 186 1866 ba
200 1838 352 1872 vigilado
381 1840 400 1865 a
415 1845 453 1864 su
475 1845 536 1864 vez
560 1844 621 1870 por
643 1837 674 1863 el
697 1836 833 1870 consejo
848 1836 998 1870 general,
1014 1835 1145 1869 especie
1162 1835 1200 1862 de
1217 1835 1342 1861 senado
1358 1842 1420 1869 que
1437 1835 1581 1862 cuidaba
1596 1836 1636 1862 de
1651 1836 1701 1863 los
1716 1836 1773 1863 im-

139 1891 292 1921 puestos,
310 1886 348 1912 de
364 1886 398 1912 la
413 1884 705 1917 adminisn-acion,
723 1884 828 1910 delas
843 1884 946 1910 obras
961 1883 1133 1917 publicas,
1156 1883 1194 1909 de
1211 1883 1244 1909 la
1261 1882 1314 1909 fiel
1330 1883 1555 1910 observancia
1570 1883 1610 1910 de
1625 1884 1675 1910 los
1690 1882 1774 1910 Fue·

143 1941 211 1965 ros,
227 1942 247 1968 3·
264 1941 298 1960 se
314 1933 473 1960 entendia
489 1932 736 1959 directamente
758 1939 799 1957 en
814 1931 845 1957 el
867 1938 928 1966 rey
933 1950 1019 1957 ........
1031 1929 1122 1957 —La
1143 1930 1424 1957 adminisn-acion
1448 1930 1487 1956 de
1501 1930 1639 1964 justicia
1654 1932 1774 1958 estaba

141 1981 397 2008 encomendada
412 1981 495 2007 a'los
509 1980 719 2006 ciudadanos
740 1978 944 2005 nombrados
961 1985 1022 2012 por
1037 1979 1066 2004 el
1082 1979 1219 2012 pueb10,
1243 1986 1265 2013 y
1286 1985 1346 2004 era
1367 1985 1405 2004 su
1421 1978 1548 2011 primer
1561 1978 1774 2012 magistrado

146 2030 254 2062 elque
270 2029 409 2055 llevaba
425 2029 454 2054 el
472 2029 571 2054 titulo
587 2027 625 2053 de
635 2027 806 2061 justicia,
822 2026 969 2053 llamado
986 2027 1224 2060 vulgarmente
1248 2033 1287 2052 en
1310 2026 1462 2059 aquellos
1482 2026 1627 2060 tiempos
1654 2026 1704 2053 Un
1723 2027 1776 2052 sol

145 2076 226 2103 velli
246 2077 307 2111 {un
323 2077 394 2103 solo
410 2073 549 2111 vecino)
575 2082 702 2109 porque
719 2082 781 2101 con
803 2078 877 2101 esta
894 2074 984 2100 frase
1001 2074 1151 2107 empieza
1167 2074 1200 2100 la
1216 2074 1271 2109 ley
1287 2081 1349 2107 que
1365 2073 1467 2100 habia
1482 2073 1521 2099 de
1538 2074 1638 2108 aquei
1652 2074 1776 2101 funcio-

144 2124 251 2151 nariO.
268 2124 331 2151 Tal
346 2124 400 2150 sue
416 2124 449 2150 la
465 2124 544 2150 base
560 2123 614 2149 del
630 2122 783 2155 regimen
798 2122 931 2156 publico
949 2122 987 2148 de
1004 2125 1143 2148 nuestra
1159 2121 1280 2147 ciudad
1302 2128 1387 2154 para
1408 2121 1441 2147 la
1463 2121 1702 2154 organizacion
1722 2122 1774 2149 del

145 2172 250 2202 reino,
266 2172 293 2198 si
310 2172 386 2198 bien
401 2171 564 2198 conviene
581 2170 744 2197 recordat
759 2177 821 2203 que
837 2169 1003 2196 mientras
1018 2169 1069 2196 las
1084 2169 1303 2202 poblaciones
1325 2168 1552 2202 importamez
1568 2170 1712 2196 estaban
1726 2178 1776 2197 re-

145 2220 243 2254 gidas
265 2226 360 2246 como
381 2219 414 2245 la
436 2218 582 2252 capital,
605 2225 711 2252 cuyas
732 2218 826 2252 leyes
841 2217 1002 2243 extendia
1025 2218 1044 2243 a
1066 2216 1144 2242 todo
1160 2217 1191 2242 el
1206 2216 1309 2249 rtino¹
1325 2216 1377 2242 las
1391 2217 1608 2250 poblaciones
1623 2224 1776 2244 menoses

146 2267 337 2300 dependian
354 2266 392 2292 de
410 2267 441 2292 la
453 2265 673 2299 jurisdiccion
688 2265 740 2291 del
755 2266 856 2291 senor
872 2264 1072 2293 territorial.
1089 2263 1245 2290 teniendo
1268 2263 1355 2290 cada
1376 2270 1441 2289 uno
1463 2263 1502 2289 de
1519 2264 1601 2290 ellos
1618 2264 1777 2292 distintos

146 2314 259 2341 fueros
274 2322 295 2349 y
312 2313 521 2347 privilegios,
538 2320 598 2339 ora
613 2320 647 2339 se
662 2313 826 2339 llamasen
842 2313 988 2338 barones
1010 2314 1027 2338 ὁ
1049 2311 1284 2344 mesnaderos‚
1307 2311 1466 2344 prelados
1487 2313 1504 2338 0
1526 2309 1766 2340 eomunidade's

147 2361 298 2390 cabildos
313 2364 330 2388 ὁ
346 2361 603 2393 monaste1·ios.„
619 2359 786 2393 Pennas,
803 2359 965 2386 Historia
981 2359 1128 2392 general
1143 2359 1185 2385 de
1208 2357 1394 2391 Valencza,
1416 2359 1664 2386 continuat-ism
1684 2360 1728 2387 de
1742 2360 1777 2388 la

148 2410 191 2437 dc
206 2409 389 2441 Escolano,
405 2408 575 2435 Discat-so
588 2407 824 2442 prelimz'nar,
837 2414 976 2441 paragr.
993 2414 1025 2434 v.

201 2458 216 2477 4
253 2456 321 2483 “En
337 2457 479 2488 Aragon
495 2456 598 2482 habia
612 2456 757 2489 algunas
773 2455 943 2485 ciudades.
957 2461 1051 2481 como
1064 2454 1252 2488 Zaragoza,
1265 2454 1382 2488 Fraga
1393 2463 1414 2490 y
1428 2454 1574 2482 Huesca.
1590 2455 1779 2483 Bareelona

150 2512 209 2532 era
225 2506 257 2532 la
273 2512 346 2532 mas
361 2504 504 2538 antigua
520 2512 542 2539 y
558 2503 768 2530 esclarecida
783 2502 904 2529 ciudad
920 2502 1025 2529 delos
1039 2502 1205 2529 dominios
1218 2502 1257 2529 de
1270 2503 1303 2529 la
1315 2510 1452 2530 corona.
1469 2502 1518 2529 En
1532 2503 1700 2531 Valencia
1712 2504 1781 2531 fue-

150 2560 190 2579 ra
206 2552 245 2579 de
263 2553 293 2579 la
311 2551 451 2586 capital,
468 2553 486 2578 έι
502 2551 535 2578 la
551 2558 612 2585 que
630 2551 659 2577 el
675 2558 736 2586 rey
752 2550 794 2577 da
809 2551 953 2584 algunas
969 2557 1069 2576 veces
1085 2550 1115 2576 el
1131 2550 1268 2576 nombre
1285 2550 1324 2576 de
1341 2550 1435 2582 villa,
1449 2558 1489 2577 no
1505 2550 1609 2578 habia
1620 2551 1781 2579 ciudades

151 2599 349 2626 calificadas
365 2607 426 2626 con
442 2603 513 2625 este
529 2599 639 2631 titulo,
655 2598 727 2625 sino
742 2598 977 2632 simplemente
994 2605 1055 2624 con
1071 2598 1098 2623 el
1116 2597 1155 2624 de
1169 2597 1271 2624 villas
1288 2604 1449 2631 mayores
1461 2605 1484 2632 y
1501 2606 1662 2626 memores
1675 2607 1781 2634 segun

149 2647 325 2681 espresion
345 2647 443 2673 usual
464 2653 506 2672 en
527 2646 680 2680 Aragon.
701 2645 769 2672 Los
789 2645 944 2672 distritos
965 2647 983 2671 ό
1006 2645 1272 2677 gobernaciones
1295 2652 1336 2672 en
1361 2653 1423 2679 que
1445 2647 1565 2673 estaba
1587 2646 1737 2674 dividido
1751 2649 1780 2674 el

153 2695 258 2725 reino.
275 2695 486 2721 llamabanse
502 2698 662 2720 entonces
685 2692 963 2719 Umversz'daa'es
983 2701 1005 2727 y
1025 2699 1108 2718 eran
1130 2693 1273 2719 cabezas
1295 2693 1334 2719 de
1350 2695 1442 2720 estas
1457 2700 1499 2720 en
1516 2693 1666 2727 1268,1as
1680 2695 1782 2722 villas

156 2742 195 2768 de
210 2741 339 2775 Jativa,
356 2741 485 2775 Alcira,
501 2740 621 2774 Dema,
638 2739 783 2774 Gandia,
798 2740 895 2767 Liria
911 2749 931 2775 y
948 2740 1153 2766 Murviedro.
1171 2739 1404 2774 op.2(Aurcum
1426 2748 1508 2774 opus
1523 2741 1783 2775 privilegiorum

153 2790 308 2817 civitatis
324 2793 357 2816 et
375 2789 481 2823 Regni
496 2788 698 2819 Valenciae)
713 2788 733 2815 s.
746 2788 790 2821 22,
815 2790 904 2815 mim.
928 2788 973 2814 77.
991 2787 1034 2814 El
1049 2789 1187 2814 nombre
1204 2787 1243 2814 de
1267 2787 1506 2815 Universidad
1519 2789 1697 2817 descendio
1712 2797 1784 2817 mas

153 2837 262 2871 tarde,
279 2844 386 2871 segun
401 2836 587 2869 Escolano,
612 2838 631 2862 a
647 2836 698 2863 las
713 2836 929 2870 poblaciones
945 2835 984 2861 de
1002 2842 1116 2861 menos
1139 2837 1318 2868 categoria
1339 2843 1403 2870 que
1426 2837 1458 2862 la
1480 2836 1567 2863 villa
1590 2845 1611 2872 y
1635 2839 1708 2864 mas
1728 2837 1784 2865 im-

153 2889 314 2919 portante
330 2892 392 2919 que
416 2885 446 2911 el
467 2884 600 2917 lugan„
616 2883 781 2915 PERAOES,
798 2891 850 2917 op.
867 2888 899 2909 et
914 2884 976 2910 loc.
1001 2883 1058 2909 cit.
1075 2881 1208 2909 Confer.
1226 2890 1305 2917 pag.
1328 2883 1390 2917 701,
1408 2888 1521 2910 annot.
1547 2884 1573 2918 2,
1598 2888 1631 2911 et
1646 2884 1785 2919 colliges

153 2939 276 2959 vocem
289 2932 522 2962 universitas,
536 2936 571 2958 ut
589 2932 651 2958 hac
665 2935 782 2958 nostra
796 2934 911 2957 aetate
929 2930 1178 2964 municipium,
1193 2930 1390 2964 designasse
1406 2936 1439 2958 et
1455 2935 1610 2959 senatum
1625 2932 1679 2966 qui
1695 2934 1787 2968 oppi-

154 2980 235 3007 dum
249 2988 280 3007 v.
297 2987 350 3014 gr.
365 2979 502 3013 aliquod
519 2983 676 3013 regeret,
697 2983 730 3005 et
753 2978 878 3005 civium
894 2977 1129 3005 collectionem
1151 2978 1205 3012 qui
1221 2979 1263 3005 ab
1280 2979 1336 3006 illo
1352 2984 1473 3006 senatu
1486 2985 1659 3013 reguntur.
