2063 3283
657 240 887 277 APPENDJX
915 238 1102 284 QUARTA
1307 231 1311 234 ⁴
1634 236 1700 274 281

72 339 161 379 viri
181 338 342 387 nostri,
372 349 427 377 ac
462 348 602 388 super
637 336 954 388 expressione,
992 334 1310 375 declaratione
1340 340 1384 373 et
1405 332 1705 384 pretensione

72 409 396 449 nonnullorum
437 408 663 447 bonorum
703 406 1069 458 parafernalium
1110 412 1179 445 est
1218 404 1537 444 necessarium
1580 402 1701 454 quod

72 481 189 519 inter
223 478 398 518 dictum
437 478 601 518 Ill.mum
640 477 822 517 Ducem
852 477 987 517 Dom.
1024 476 1328 516 Franciscum
1349 475 1404 515 de
1439 474 1613 525 Borgia
1645 485 1705 513 ex

73 562 163 590 una
184 555 228 589 et
248 561 334 589 nos
355 560 413 589 ex
435 549 583 588 altera
604 548 813 599 partibus
841 547 952 586 fiant
977 553 1116 598 atque
1138 546 1378 586 firmentur
1406 546 1453 585 in
1478 545 1590 584 urbe
1610 543 1703 584 Va-

72 620 218 660 lencie
239 631 379 671 super
399 619 622 670 predictis
643 624 687 658 et
708 618 810 658 aliis
830 618 970 658 latius
992 618 1038 657 in
1061 616 1254 657 inferius
1275 616 1463 656 insertis
1490 615 1711 666 capitulis

73 690 303 730 contentis
325 689 529 741 capitula
547 688 643 740 jam
665 689 879 729 ordinata
900 688 1109 728 thenoris
1131 687 1383 738 sequentis:

745 968 1044 1012 CAPITOLS

79 1198 190 1226 FETS
211 1199 241 1225 Y
263 1197 476 1225 FERMATS
497 1197 583 1225 PER
601 1197 631 1224 Y
652 1196 804 1224 ENTRE
825 1196 908 1224 LOS
942 1189 1104 1223 ILL.MOS
1131 1195 1221 1222 DON
1238 1193 1489 1222 FRANCISCO
1520 1194 1582 1221 DE
1608 1194 1713 1221 EOR—

131 1269 208 1296 GIA
232 1268 356 1296 DUCH
375 1269 436 1296 DE
458 1265 651 1303 GANDIA,
676 1266 893 1300 MARQUES
914 1267 976 1294 DE
996 1266 1187 1294 LOMBAY
1209 1254 1244 1290 S(
1272 1265 1333 1293 EN
1358 1265 1451 1292 ΝΟΜ
1478 1265 1538 1292 DE
1558 1265 1713 1292 HEREU

134 1340 226 1368 DEL
255 1334 394 1367 ILL.MO
447 1339 538 1367 DON
565 1339 679 1373 JOAN
720 1339 781 1366 DE
814 1338 986 1366 BORGIA
1016 1325 1107 1375 (QUI
1139 1324 1271 1374 OBIIT)
1298 1336 1423 1364 DUCH
1443 1336 1504 1363 DE
1535 1335 1714 1363 GANDIA

134 1411 253 1438 PARE
288 1411 349 1438 DE
387 1410 587 1448 AQUELL,
613 1410 675 1437 DE
714 1410 809 1437 UNA
835 1409 977 1448 PART,
1007 1408 1034 1435 E
1074 1408 1199 1436 DONA
1229 1406 1486 1435 FRANCISCA
1515 1406 1577 1434 DE
1612 1405 1715 1434 CAS-

135 1482 219 1510 TRO
250 1481 377 1509 PINOS
400 1482 426 1508 E
447 1481 508 1509 DE
544 1480 715 1508 BORGIA
750 1480 964 1513 DUQUESA
994 1479 1054 1507 DE
1089 1479 1268 1507 GANDIA
1301 1478 1499 1505 RELICTA
1525 1477 1617 1504 DEL
1637 1477 1713 1504 DIT

135 1547 276 1580 ILL·MO
317 1552 407 1580 DON
428 1552 542 1586 JOAN
561 1552 622 1579 DE
638 1551 810 1580 BORGIA
846 1539 936 1588 (QUI
961 1538 1096 1588 OBIIT)
1120 1550 1243 1578 DUCH
1272 1549 1333 1577 DE
1354 1549 1550 1587 GANDIA,
1570 1548 1630 1576 DE
1652 1548 1716 1576 LA

135 1624 223 1651 PAR
245 1624 413 1661 ALTRA,
438 1624 496 1650 EN
512 1623 540 1650 E
562 1623 706 1650 SOBRE
727 1622 809 1650 LEs
831 1621 966 1649 COSES
988 1620 1319 1649 CONTENGUDES
1341 1621 1369 1647 E
1391 1618 1714 1647 PACTADESEN

137 1695 220 1722 LOS
235 1694 530 1722 INFRASCRITS
552 1693 770 1721 CAPITOLS
790 1694 882 1721 DEL
904 1693 1053 1720 TENOR
1074 1690 1297 1720 sEGUENT:

162 1899 200 1938 E
221 1899 553 1950 primerament
575 1909 623 1937 es
640 1901 812 1948 parerat,
833 1898 1039 1943 avengut
1058 1905 1081 1932 e
1099 1892 1355 1932 concordat
1372 1898 1503 1931 entre
1520 1890 1586 1930 les
1604 1889 1722 1929 dites

84 1974 212 2020 parts
226 1981 312 2021 que
324 1981 406 2020 per
423 1975 567 2020 quant
583 1980 640 2008 en
651 1969 694 2007 lo
708 1977 876 2018 proces
889 1965 945 2005 de
962 1970 1182 2015 requesta
1197 1974 1280 2014 per
1295 1963 1338 2001 10
1354 1962 1419 2002 dit
1435 1962 1561 2001 111.ΥῙῙΟ
1584 1960 1722 2000 Duch

84 2040 191 2080 Don
205 2039 460 2080 Francisco
477 2039 656 2091 posada
676 2049 785 2079 vers
803 2050 826 2077 e
843 2042 1005 2077 contra
1024 2036 1067 2075 la
1083 2035 1180 2074 dita
1200 2034 1328 2074 111.ῐῐιᾶ
1357 2033 1579 2084 Duquesa
1600 2030 1722 2071 dona

83 2110 337 2151 Francisca
359 2123 415 2151 en
435 2111 480 2150 13
517 2109 629 2150 Cort
664 2109 720 2149 de
752 2109 796 2148 la
832 2106 1143 2155 Gobernacio‚
1181 2106 1226 2145 13
1262 2105 1369 2156 3331
1401 2115 1546 2144 causa
1579 2102 1724 2142 fonch

85 2193 220 2233 apres
237 2181 447 2221 evocada
469 2193 495 2220 a
517 2181 561 2220 13
583 2179 699 2220 Real
727 2178 1004 2227 Audiencia‚
1035 2188 1086 2216 es
1112 2182 1206 2216 stat
1233 2174 1494 2215 sentenciat
1522 2186 1546 2213 e
1572 2173 1723 2213 decla-

85 2258 171 2303 rat,
189 2253 234 2292 la
255 2253 351 2293 dita
371 2252 498 2292 Ill.ma
532 2251 757 2303 Duquesa
777 2250 897 2290 tenir
918 2249 973 2289 de
992 2248 1071 2288 dot
1092 2253 1197 2288 cent
1214 2252 1399 2286 setanta
1420 2251 1584 2297 quatre
1597 2244 1725 2284 milia

87 2335 195 2363 sous
216 2323 272 2364 de
305 2323 505 2363 moneda
531 2322 743 2374 jaquesa,
768 2320 940 2373 quede
968 2318 1169 2359 moneda
1198 2317 1483 2357 -Valenciana
1513 2327 1598 2356 son
1620 2321 1725 2355 cent

88 2395 283 2435 xixanta
304 2395 368 2434 sis
394 2394 521 2434 milia
548 2399 750 2433 noranta
786 2403 909 2442 sous,
949 2404 972 2431 e
1008 2390 1063 2430 de
1098 2390 1227 2430 creix
1254 2390 1484 2440 huytanta
1505 2393 1575 2427 set
1596 2386 1726 2426 milia

88 2477 196 2505 sous
217 2466 272 2505 de
292 2466 338 2505 13
359 2465 454 2505 dita
474 2464 675 2505 moneda
692 2463 902 2515 jaquesa,
927 2474 1015 2514 que
1037 2461 1093 2501 de
1114 2460 1314 2501 moneda
1334 2458 1614 2499 valenciana
1642 2467 1728 2497 son

89 2536 315 2588 huytanta
336 2542 431 2576 tres
451 2536 579 2576 milia
601 2540 831 2587 quaranta
856 2545 968 2574 sous
989 2533 1044 2573 de
1064 2533 1110 2572 13
1133 2532 1241 2584 3331
1261 2531 1501 2572 sentencia
1517 2541 1599 2581 per
1620 2534 1727 2580 part

89 2607 161 2646 del
181 2607 246 2647 dit
265 2607 390 2647 111.“10
414 2606 551 2647 Duch
572 2618 621 2646 es
639 2612 730 2646 stat
747 2605 947 2656 suplicat
964 2604 1095 2656 peral
1111 2615 1245 2644 sacre
1262 2615 1286 2643 e
1304 2613 1521 2653 supremo
1539 2599 1724 2640 Consell

90 2677 144 2717 de
166 2690 219 2718 su
238 2678 350 2718 Ma.t
374 2690 463 2730 que
484 2690 591 2717 sens
612 2669 809 2729 prejuhi‚
834 2677 964 2726 lesio,
1003 2676 1050 2715 ni
1086 2674 1338 2725 derogacio
1361 2673 1417 2713 de
1439 2673 1482 2712 la
1504 2672 1602 2712 dita
1623 2682 1726 2722 sup-

89 2748 301 2799 plicaciO,
324 2761 409 2789 ans
449 2754 628 2788 restant
669 2748 852 2799 3336113
892 2756 950 2787 en
985 2758 1037 2786 sa
1076 2746 1204 2786 forsa
1244 2757 1268 2785 e
1306 2745 1438 2784 valer
1467 2755 1548 2794 per
1589 2743 1633 2782 10
1654 2741 1729 2781 dit

90 2817 213 2858 Ill.m0
233 2819 370 2859 Duch
385 2819 455 2859 sia
474 2819 539 2859 fet
559 2824 814 2870 pagament
836 2830 863 2858 a
882 2819 928 2858 13
957 2817 1055 2857 dita
1084 2817 1212 2856 IILma
1228 2815 1453 2867 Duquesa
1481 2815 1536 2854 de
1563 2814 1608 2853 13
1635 2813 1731 2852 dita

91 2889 170 2929 dot
190 2901 214 2929 e
234 2890 364 2930 creix
385 2902 443 2930 en
463 2891 508 2930 13
528 2889 697 2940 forma,
722 2889 878 2939 modo,
903 2900 927 2928 e
950 2900 1144 2928 manera
1161 2898 1248 2939 que
1270 2886 1411 2926 daval
1433 2897 1483 2925 se
1506 2884 1625 2925 dira.

171 2959 285 3000 Item
304 2972 385 3012 per
419 2967 564 3012 quant
597 2962 644 3000 13
679 2960 775 3000 dita
811 2960 939 3000 Ill.ma
955 2958 1182 3011 Duquesa
1216 2964 1262 2998 te
1299 2957 1515 2997 diversos
1547 2954 1738 2995 censals

93 3037 320 3072 smercats
342 3032 420 3072 axi
441 3032 577 3072 sobre
597 3033 643 3072 13
664 3031 823 3072 ciutad
844 3030 904 3071 (16
926 3030 1156 3071 Valencia
1177 3041 1282 3069 com
1302 3028 1438 3068 sobre
1458 3027 1503 3066 13
1530 3024 1735 3066 Baronia
