<?xml version="1.0" encoding="UTF-8"?>
<!DOCTYPE html PUBLIC "-//W3C//DTD XHTML 1.0 Transitional//EN"
    "http://www.w3.org/TR/xhtml1/DTD/xhtml1-transitional.dtd">
<html xmlns="http://www.w3.org/1999/xhtml" xml:lang="en" lang="en">
 <head>
  <title>
</title>
<meta http-equiv="Content-Type" content="text/html;charset=utf-8" />
  <meta name='ocr-system' content='tesseract 3.04.00' />
  <meta name='ocr-capabilities' content='ocr_page ocr_carea ocr_par ocr_line ocrx_word'/>
</head>
<body>
  <div class='ocr_page' id='page_1' title='image "./sanctusfranciscu57borj_0009.png"; bbox 0 0 2063 3189; ppageno 0'>
   <div class='ocr_carea' id='block_1_1' title="bbox 723 557 1316 630">
    <p class='ocr_par' dir='ltr' id='par_1_1' title="bbox 723 557 1316 630">
     <span class='ocr_line' id='line_1_1' title="bbox 723 557 1316 630; baseline -0.005 0"><span class='ocrx_word' id='word_1_1' title='bbox 723 557 1316 630; x_wconf 87' lang='lat' dir='ltr'><strong>PRAEFATIO</strong></span> 
     </span>
    </p>
   </div>
   <div class='ocr_carea' id='block_1_2' title="bbox 200 1003 1843 1765">
    <p class='ocr_par' dir='ltr' id='par_1_2' title="bbox 200 1003 1843 1765">
     <span class='ocr_line' id='line_1_2' title="bbox 322 1003 1834 1052; baseline -0.003 -7"><span class='ocrx_word' id='word_1_2' title='bbox 322 1024 358 1046; x_wconf 28' lang='grc' dir='ltr'>«κ,</span> <span class='ocrx_word' id='word_1_3' title='bbox 385 1015 605 1049; x_wconf 79' lang='lat' dir='ltr'>UICUMQUE</span> <span class='ocrx_word' id='word_1_4' title='bbox 623 1005 667 1042; x_wconf 92' lang='lat' dir='ltr'>in</span> <span class='ocrx_word' id='word_1_5' title='bbox 685 1004 751 1041; x_wconf 88' lang='lat' dir='ltr'>his</span> <span class='ocrx_word' id='word_1_6' title='bbox 771 1003 1056 1041; x_wconf 81' lang='lat' dir='ltr'>elaborarunt</span> <span class='ocrx_word' id='word_1_7' title='bbox 1082 1003 1350 1050; x_wconf 82' lang='lat' dir='ltr'>scrutandis,</span> <span class='ocrx_word' id='word_1_8' title='bbox 1382 1014 1494 1052; x_wconf 86' lang='lat' dir='ltr'>quae</span> <span class='ocrx_word' id='word_1_9' title='bbox 1519 1003 1574 1040; x_wconf 90' lang='lat' dir='ltr'>ad</span> <span class='ocrx_word' id='word_1_10' title='bbox 1602 1003 1834 1041; x_wconf 84' lang='lat' dir='ltr'>Societatis</span> 
     </span>
     <span class='ocr_line' id='line_1_3' title="bbox 384 1074 1835 1125; baseline -0.003 -10"><span class='ocrx_word' id='word_1_11' title='bbox 384 1078 493 1125; x_wconf 90' lang='lat' dir='ltr'>Jesu</span> <span class='ocrx_word' id='word_1_12' title='bbox 506 1077 628 1114; x_wconf 89' lang='lat' dir='ltr'>initia</span> <span class='ocrx_word' id='word_1_13' title='bbox 642 1075 908 1120; x_wconf 87' lang='lat' dir='ltr'>referuntur,</span> <span class='ocrx_word' id='word_1_14' title='bbox 926 1074 961 1112; x_wconf 90' lang='lat' dir='ltr'>F</span> <span class='ocrx_word' id='word_1_15' title='bbox 964 1074 1213 1111; x_wconf 90' lang='lat' dir='ltr'>ranciscum</span> <span class='ocrx_word' id='word_1_16' title='bbox 1228 1074 1404 1123; x_wconf 83' lang='lat' dir='ltr'>Borgia‚</span> <span class='ocrx_word' id='word_1_17' title='bbox 1416 1080 1622 1124; x_wconf 89' lang='lat' dir='ltr'>quartum</span> <span class='ocrx_word' id='word_1_18' title='bbox 1637 1074 1835 1112; x_wconf 85' lang='lat' dir='ltr'>Gandiae</span> 
     </span>
     <span class='ocr_line' id='line_1_4' title="bbox 384 1146 1836 1195; baseline -0.002 -9"><span class='ocrx_word' id='word_1_19' title='bbox 384 1149 573 1195; x_wconf 82' lang='lat' dir='ltr'><strong>Ducem,</strong></span> <span class='ocrx_word' id='word_1_20' title='bbox 595 1148 709 1185; x_wconf 90' lang='lat' dir='ltr'>inter</span> <span class='ocrx_word' id='word_1_21' title='bbox 728 1146 961 1185; x_wconf 88' lang='lat' dir='ltr'>Societatis</span> <span class='ocrx_word' id='word_1_22' title='bbox 980 1146 1145 1183; x_wconf 91' lang='lat' dir='ltr'>amieos</span> <span class='ocrx_word' id='word_1_23' title='bbox 1154 1156 1205 1183; x_wconf 93' lang='lat' dir='ltr'>ac</span> <span class='ocrx_word' id='word_1_24' title='bbox 1219 1151 1623 1193; x_wconf 86' lang='lat' dir='ltr'>patronos,necnon</span> <span class='ocrx_word' id='word_1_25' title='bbox 1641 1151 1683 1183; x_wconf 88' lang='lat' dir='ltr'>et</span> <span class='ocrx_word' id='word_1_26' title='bbox 1703 1146 1836 1183; x_wconf 84' lang='lat' dir='ltr'>alum-</span> 
     </span>
     <span class='ocr_line' id='line_1_5' title="bbox 384 1217 1834 1267; baseline -0.004 -10"><span class='ocrx_word' id='word_1_27' title='bbox 384 1230 477 1266; x_wconf 85' lang='lat' dir='ltr'>nos,</span> <span class='ocrx_word' id='word_1_28' title='bbox 493 1219 751 1267; x_wconf 88' lang='lat' dir='ltr'>primarium</span> <span class='ocrx_word' id='word_1_29' title='bbox 766 1218 848 1255; x_wconf 89' lang='lat' dir='ltr'>sibi</span> <span class='ocrx_word' id='word_1_30' title='bbox 863 1217 1300 1265; x_wconf 89' lang='lat' dir='ltr'>demeruisselocum‚</span> <span class='ocrx_word' id='word_1_31' title='bbox 1312 1217 1613 1255; x_wconf 81' lang='lat' dir='ltr'>lubentissime</span> <span class='ocrx_word' id='word_1_32' title='bbox 1629 1217 1834 1254; x_wconf 88' lang='lat' dir='ltr'>fatentur.</span> 
     </span>
     <span class='ocr_line' id='line_1_6' title="bbox 200 1288 1839 1338; baseline -0.002 -9"><span class='ocrx_word' id='word_1_33' title='bbox 200 1292 268 1329; x_wconf 85' lang='lat' dir='ltr'>Ea</span> <span class='ocrx_word' id='word_1_34' title='bbox 287 1292 416 1338; x_wconf 86' lang='lat' dir='ltr'>enim,</span> <span class='ocrx_word' id='word_1_35' title='bbox 433 1291 537 1329; x_wconf 91' lang='lat' dir='ltr'>dum</span> <span class='ocrx_word' id='word_1_36' title='bbox 555 1290 698 1328; x_wconf 87' lang='lat' dir='ltr'>adhuc</span> <span class='ocrx_word' id='word_1_37' title='bbox 717 1289 886 1327; x_wconf 91' lang='lat' dir='ltr'>saeculi</span> <span class='ocrx_word' id='word_1_38' title='bbox 903 1289 1017 1326; x_wconf 90' lang='lat' dir='ltr'>inter</span> <span class='ocrx_word' id='word_1_39' title='bbox 1035 1288 1226 1326; x_wconf 85' lang='lat' dir='ltr'>honores</span> <span class='ocrx_word' id='word_1_40' title='bbox 1241 1289 1517 1336; x_wconf 87' lang='lat' dir='ltr'>versabatur,</span> <span class='ocrx_word' id='word_1_41' title='bbox 1537 1299 1645 1336; x_wconf 85' lang='lat' dir='ltr'>erga</span> <span class='ocrx_word' id='word_1_42' title='bbox 1660 1299 1839 1326; x_wconf 89' lang='lat' dir='ltr'>nascen-</span> 
     </span>
     <span class='ocr_line' id='line_1_7' title="bbox 202 1359 1839 1409; baseline -0.003 -8"><span class='ocrx_word' id='word_1_43' title='bbox 202 1369 291 1400; x_wconf 90' lang='lat' dir='ltr'>tem</span> <span class='ocrx_word' id='word_1_44' title='bbox 310 1362 578 1401; x_wconf 81' lang='lat' dir='ltr'>Societatem</span> <span class='ocrx_word' id='word_1_45' title='bbox 597 1361 818 1409; x_wconf 88' lang='lat' dir='ltr'>praestitit</span> <span class='ocrx_word' id='word_1_46' title='bbox 836 1360 1000 1407; x_wconf 87' lang='lat' dir='ltr'>officia,</span> <span class='ocrx_word' id='word_1_47' title='bbox 1022 1370 1149 1408; x_wconf 90' lang='lat' dir='ltr'>quae,</span> <span class='ocrx_word' id='word_1_48' title='bbox 1171 1360 1254 1397; x_wconf 90' lang='lat' dir='ltr'>nisi</span> <span class='ocrx_word' id='word_1_49' title='bbox 1273 1371 1298 1397; x_wconf 85' lang='lat' dir='ltr'>a</span> <span class='ocrx_word' id='word_1_50' title='bbox 1313 1360 1398 1398; x_wconf 90' lang='lat' dir='ltr'>fide</span> <span class='ocrx_word' id='word_1_51' title='bbox 1414 1359 1556 1408; x_wconf 85' lang='lat' dir='ltr'>dignis</span> <span class='ocrx_word' id='word_1_52' title='bbox 1572 1370 1839 1398; x_wconf 85' lang='lat' dir='ltr'>enarraren-</span> 
     </span>
     <span class='ocr_line' id='line_1_8' title="bbox 200 1430 1839 1481; baseline -0.002 -9"><span class='ocrx_word' id='word_1_53' title='bbox 200 1441 292 1480; x_wconf 82' lang='lat' dir='ltr'>tur,</span> <span class='ocrx_word' id='word_1_54' title='bbox 313 1434 435 1472; x_wconf 90' lang='lat' dir='ltr'>credi</span> <span class='ocrx_word' id='word_1_55' title='bbox 453 1434 528 1471; x_wconf 84' lang='lat' dir='ltr'>vix</span> <span class='ocrx_word' id='word_1_56' title='bbox 545 1438 740 1481; x_wconf 90' lang='lat' dir='ltr'>possent.</span> <span class='ocrx_word' id='word_1_57' title='bbox 759 1431 870 1470; x_wconf 93' lang='lat' dir='ltr'>Cum</span> <span class='ocrx_word' id='word_1_58' title='bbox 887 1442 996 1469; x_wconf 89' lang='lat' dir='ltr'>vero</span> <span class='ocrx_word' id='word_1_59' title='bbox 1016 1430 1227 1469; x_wconf 86' lang='lat' dir='ltr'>Societati</span> <span class='ocrx_word' id='word_1_60' title='bbox 1246 1431 1438 1480; x_wconf 80' lang='lat' dir='ltr'>praefuit</span> <span class='ocrx_word' id='word_1_61' title='bbox 1456 1432 1713 1478; x_wconf 87' lang='lat' dir='ltr'>universae,</span> <span class='ocrx_word' id='word_1_62' title='bbox 1735 1432 1839 1469; x_wconf 90' lang='lat' dir='ltr'>totis</span> 
     </span>
     <span class='ocr_line' id='line_1_9' title="bbox 203 1503 1841 1553; baseline -0.002 -10"><span class='ocrx_word' id='word_1_63' title='bbox 203 1506 347 1544; x_wconf 91' lang='lat' dir='ltr'>eidem</span> <span class='ocrx_word' id='word_1_64' title='bbox 364 1504 680 1553; x_wconf 78' lang='lat' dir='ltr'>propagandae</span> <span class='ocrx_word' id='word_1_65' title='bbox 703 1503 872 1541; x_wconf 88' lang='lat' dir='ltr'>viribus</span> <span class='ocrx_word' id='word_1_66' title='bbox 892 1503 1169 1549; x_wconf 87' lang='lat' dir='ltr'>incumbens,</span> <span class='ocrx_word' id='word_1_67' title='bbox 1200 1507 1264 1541; x_wconf 92' lang='lat' dir='ltr'>tot</span> <span class='ocrx_word' id='word_1_68' title='bbox 1291 1503 1444 1540; x_wconf 90' lang='lat' dir='ltr'>domos</span> <span class='ocrx_word' id='word_1_69' title='bbox 1470 1507 1513 1540; x_wconf 91' lang='lat' dir='ltr'>et</span> <span class='ocrx_word' id='word_1_70' title='bbox 1538 1503 1727 1550; x_wconf 83' lang='lat' dir='ltr'>collegia</span> <span class='ocrx_word' id='word_1_71' title='bbox 1743 1503 1751 1523; x_wconf 86' lang='lat'><strong>¹</strong></span> <span class='ocrx_word' id='word_1_72' title='bbox 1769 1504 1841 1540; x_wconf 90' lang='lat' dir='ltr'>vel</span> 
     </span>
     <span class='ocr_line' id='line_1_10' title="bbox 202 1572 1841 1624; baseline -0.003 -10"><span class='ocrx_word' id='word_1_73' title='bbox 202 1576 487 1624; x_wconf 85' lang='lat' dir='ltr'>amplificavit</span> <span class='ocrx_word' id='word_1_74' title='bbox 506 1577 578 1614; x_wconf 86' lang='lat' dir='ltr'>vel</span> <span class='ocrx_word' id='word_1_75' title='bbox 597 1575 757 1622; x_wconf 85' lang='lat' dir='ltr'>erexit,</span> <span class='ocrx_word' id='word_1_76' title='bbox 775 1579 823 1612; x_wconf 92' lang='lat' dir='ltr'>ut</span> <span class='ocrx_word' id='word_1_77' title='bbox 833 1574 934 1622; x_wconf 87' lang='lat' dir='ltr'>jure</span> <span class='ocrx_word' id='word_1_78' title='bbox 953 1574 1068 1612; x_wconf 85' lang='lat' dir='ltr'>alter</span> <span class='ocrx_word' id='word_1_79' title='bbox 1086 1573 1226 1611; x_wconf 89' lang='lat' dir='ltr'>veluti</span> <span class='ocrx_word' id='word_1_80' title='bbox 1245 1573 1480 1612; x_wconf 87' lang='lat' dir='ltr'>Societatis</span> <span class='ocrx_word' id='word_1_81' title='bbox 1500 1573 1608 1621; x_wconf 87' lang='lat' dir='ltr'>Jesu</span> <span class='ocrx_word' id='word_1_82' title='bbox 1629 1572 1841 1612; x_wconf 77' lang='lat' dir='ltr'>Conditor</span> 
     </span>
     <span class='ocr_line' id='line_1_11' title="bbox 205 1645 1841 1695; baseline -0.002 -10"><span class='ocrx_word' id='word_1_83' title='bbox 205 1659 231 1685; x_wconf 89' lang='lat' dir='ltr'>a</span> <span class='ocrx_word' id='word_1_84' title='bbox 249 1648 528 1685; x_wconf 90' lang='lat' dir='ltr'>sanctissimo</span> <span class='ocrx_word' id='word_1_85' title='bbox 553 1648 650 1684; x_wconf 91' lang='lat' dir='ltr'>viro</span> <span class='ocrx_word' id='word_1_86' title='bbox 675 1647 1010 1695; x_wconf 85' lang='lat' dir='ltr'>cognominatus</span> <span class='ocrx_word' id='word_1_87' title='bbox 1036 1645 1216 1683; x_wconf 79' lang='lat' dir='ltr'>fuerit2.</span> <span class='ocrx_word' id='word_1_88' title='bbox 1243 1645 1360 1683; x_wconf 93' lang='lat' dir='ltr'>Nihil</span> <span class='ocrx_word' id='word_1_89' title='bbox 1389 1645 1524 1693; x_wconf 86' lang='lat' dir='ltr'>igitur</span> <span class='ocrx_word' id='word_1_90' title='bbox 1556 1656 1687 1693; x_wconf 88' lang='lat' dir='ltr'>quam</span> <span class='ocrx_word' id='word_1_91' title='bbox 1712 1645 1841 1683; x_wconf 91' lang='lat' dir='ltr'>bene-</span> 
     </span>
     <span class='ocr_line' id='line_1_12' title="bbox 204 1716 1843 1765; baseline -0.002 -8"><span class='ocrx_word' id='word_1_92' title='bbox 204 1719 405 1757; x_wconf 92' lang='lat' dir='ltr'>ficiorum</span> <span class='ocrx_word' id='word_1_93' title='bbox 429 1729 651 1756; x_wconf 85' lang='lat' dir='ltr'>memores</span> <span class='ocrx_word' id='word_1_94' title='bbox 675 1729 725 1756; x_wconf 93' lang='lat' dir='ltr'>se</span> <span class='ocrx_word' id='word_1_95' title='bbox 751 1717 869 1756; x_wconf 85' lang='lat' dir='ltr'>Socii</span> <span class='ocrx_word' id='word_1_96' title='bbox 893 1717 1102 1755; x_wconf 86' lang='lat' dir='ltr'>exhibent</span> <span class='ocrx_word' id='word_1_97' title='bbox 1126 1716 1248 1764; x_wconf 89' lang='lat' dir='ltr'>dum,</span> <span class='ocrx_word' id='word_1_98' title='bbox 1276 1717 1486 1765; x_wconf 89' lang='lat' dir='ltr'>quidquid</span> <span class='ocrx_word' id='word_1_99' title='bbox 1505 1722 1707 1755; x_wconf 87' lang='lat' dir='ltr'>sanetum</span> <span class='ocrx_word' id='word_1_100' title='bbox 1731 1716 1843 1754; x_wconf 87' lang='lat' dir='ltr'>Bor-</span> 
     </span>
    </p>
   </div>
   <div class='ocr_carea' id='block_1_3' title="bbox 199 1789 1843 1902">
    <p class='ocr_par' dir='ltr' id='par_1_3' title="bbox 199 1789 1843 1902">
     <span class='ocr_line' id='line_1_13' title="bbox 199 1789 1843 1839; baseline -0.002 -11"><span class='ocrx_word' id='word_1_101' title='bbox 199 1793 324 1839; x_wconf 80' lang='lat' dir='ltr'>giam</span> <span class='ocrx_word' id='word_1_102' title='bbox 344 1791 513 1838; x_wconf 85' lang='lat' dir='ltr'>attinet,</span> <span class='ocrx_word' id='word_1_103' title='bbox 534 1791 685 1838; x_wconf 86' lang='lat' dir='ltr'>magni</span> <span class='ocrx_word' id='word_1_104' title='bbox 704 1790 881 1827; x_wconf 86' lang='lat' dir='ltr'>faciunt.</span> <span class='ocrx_word' id='word_1_105' title='bbox 904 1789 1216 1835; x_wconf 76' lang='lat' dir='ltr'>Quamobrem,</span> <span class='ocrx_word' id='word_1_106' title='bbox 1237 1789 1339 1826; x_wconf 91' lang='lat' dir='ltr'>licet</span> <span class='ocrx_word' id='word_1_107' title='bbox 1364 1789 1568 1836; x_wconf 84' lang='lat' dir='ltr'>ingentes</span> <span class='ocrx_word' id='word_1_108' title='bbox 1593 1799 1703 1836; x_wconf 77' lang='lat' dir='ltr'>erga</span> <span class='ocrx_word' id='word_1_109' title='bbox 1727 1799 1843 1826; x_wconf 87' lang='lat' dir='ltr'>eum-</span> 
     </span>
     <span class='ocr_line' id='line_1_14' title="bbox 207 1853 1843 1902; baseline -0.002 -8"><span class='ocrx_word' id='word_1_110' title='bbox 207 1856 306 1894; x_wconf 89' lang='lat' dir='ltr'>dem</span> <span class='ocrx_word' id='word_1_111' title='bbox 324 1856 486 1894; x_wconf 91' lang='lat' dir='ltr'>amoris</span> <span class='ocrx_word' id='word_1_112' title='bbox 507 1861 549 1893; x_wconf 90' lang='lat' dir='ltr'>et</span> <span class='ocrx_word' id='word_1_113' title='bbox 566 1855 867 1893; x_wconf 88' lang='lat' dir='ltr'>admirationis</span> <span class='ocrx_word' id='word_1_114' title='bbox 883 1865 1040 1892; x_wconf 91' lang='lat' dir='ltr'>sensus</span> <span class='ocrx_word' id='word_1_115' title='bbox 1051 1854 1216 1902; x_wconf 80' lang='lat' dir='ltr'>jugiter</span> <span class='ocrx_word' id='word_1_116' title='bbox 1231 1854 1421 1892; x_wconf 86' lang='lat' dir='ltr'>aluerint</span> <span class='ocrx_word' id='word_1_117' title='bbox 1435 1854 1715 1901; x_wconf 78' lang='lat' dir='ltr'>maximeque</span> <span class='ocrx_word' id='word_1_118' title='bbox 1731 1853 1843 1901; x_wconf 90' lang='lat' dir='ltr'>ejus—</span> 
     </span>
    </p>
   </div>
   <div class='ocr_carea' id='block_1_4' title="bbox 192 1005 355 1272">
    <p class='ocr_par' dir='ltr' id='par_1_4' title="bbox 192 1005 355 1272">
     <span class='ocr_line' id='line_1_15' title="bbox 192 1005 355 1272; baseline 0 1917"><span class='ocrx_word' id='word_1_119' title='bbox 192 1005 355 1272; x_wconf 95' lang='lat' dir='ltr'> </span> 
     </span>
    </p>
   </div>
   <div class='ocr_carea' id='block_1_5' title="bbox 202 2008 1847 2899">
    <p class='ocr_par' dir='ltr' id='par_1_5' title="bbox 202 2008 1844 2190">
     <span class='ocr_line' id='line_1_16' title="bbox 260 2008 1843 2045; baseline -0.004 -5"><span class='ocrx_word' id='word_1_120' title='bbox 260 2014 270 2033; x_wconf 76' lang='grc'><strong>1</strong></span> <span class='ocrx_word' id='word_1_121' title='bbox 311 2013 504 2040; x_wconf 82' lang='lat' dir='ltr'>Cardinalis</span> <span class='ocrx_word' id='word_1_122' title='bbox 520 2011 721 2045; x_wconf 67' lang='lat' dir='ltr'>Ciensuegos</span> <span class='ocrx_word' id='word_1_123' title='bbox 744 2011 858 2038; x_wconf 85' lang='lat' dir='ltr'>domos</span> <span class='ocrx_word' id='word_1_124' title='bbox 881 2010 1064 2037; x_wconf 84' lang='lat' dir='ltr'>Societatis</span> <span class='ocrx_word' id='word_1_125' title='bbox 1085 2016 1296 2041; x_wconf 70' lang='lat' dir='ltr'>enumerans,</span> <span class='ocrx_word' id='word_1_126' title='bbox 1320 2016 1463 2043; x_wconf 83' lang='lat' dir='ltr'>quarum</span> <span class='ocrx_word' id='word_1_127' title='bbox 1478 2008 1623 2036; x_wconf 86' lang='lat' dir='ltr'>Sanctus</span> <span class='ocrx_word' id='word_1_128' title='bbox 1639 2008 1843 2035; x_wconf 85' lang='lat' dir='ltr'>Franciscus</span> 
     </span>
     <span class='ocr_line' id='line_1_17' title="bbox 206 2056 1843 2095; baseline -0.004 -7"><span class='ocrx_word' id='word_1_129' title='bbox 206 2060 333 2095; x_wconf 82' lang='lat' dir='ltr'>Borgia</span> <span class='ocrx_word' id='word_1_130' title='bbox 348 2061 462 2095; x_wconf 85' lang='lat' dir='ltr'>aliqua</span> <span class='ocrx_word' id='word_1_131' title='bbox 478 2060 610 2087; x_wconf 85' lang='lat' dir='ltr'>ratione</span> <span class='ocrx_word' id='word_1_132' title='bbox 628 2059 781 2086; x_wconf 88' lang='lat' dir='ltr'>conditor</span> <span class='ocrx_word' id='word_1_133' title='bbox 796 2059 852 2085; x_wconf 75' lang='lat' dir='ltr'>vel</span> <span class='ocrx_word' id='word_1_134' title='bbox 867 2058 981 2085; x_wconf 83' lang='lat' dir='ltr'>fautor</span> <span class='ocrx_word' id='word_1_135' title='bbox 996 2057 1137 2091; x_wconf 83' lang='lat' dir='ltr'>insignis</span> <span class='ocrx_word' id='word_1_136' title='bbox 1156 2057 1236 2090; x_wconf 83' lang='lat' dir='ltr'>suit,</span> <span class='ocrx_word' id='word_1_137' title='bbox 1253 2062 1328 2083; x_wconf 81' lang='lat' dir='ltr'>octo</span> <span class='ocrx_word' id='word_1_138' title='bbox 1349 2063 1453 2090; x_wconf 84' lang='lat' dir='ltr'>supra</span> <span class='ocrx_word' id='word_1_139' title='bbox 1475 2056 1662 2090; x_wconf 85' lang='lat' dir='ltr'>nonaginta</span> <span class='ocrx_word' id='word_1_140' title='bbox 1677 2059 1843 2089; x_wconf 82' lang='lat' dir='ltr'>recenset,</span> 
     </span>
     <span class='ocr_line' id='line_1_18' title="bbox 202 2103 1844 2143; baseline -0.004 -7"><span class='ocrx_word' id='word_1_141' title='bbox 202 2116 350 2143; x_wconf 59' lang='lat' dir='ltr'>&gt;quarum</span> <span class='ocrx_word' id='word_1_142' title='bbox 373 2109 404 2135; x_wconf 91' lang='lat' dir='ltr'>in</span> <span class='ocrx_word' id='word_1_143' title='bbox 428 2108 594 2142; x_wconf 84' lang='lat' dir='ltr'>Hispania</span> <span class='ocrx_word' id='word_1_144' title='bbox 618 2107 762 2142; x_wconf 85' lang='lat' dir='ltr'>quinque</span> <span class='ocrx_word' id='word_1_145' title='bbox 786 2110 819 2133; x_wconf 87' lang='lat' dir='ltr'>et</span> <span class='ocrx_word' id='word_1_146' title='bbox 843 2105 1074 2140; x_wconf 82' lang='lat' dir='ltr'>quadraginta</span> <span class='ocrx_word' id='word_1_147' title='bbox 1098 2105 1376 2132; x_wconf 79' lang='lat' dir='ltr'>numerabantur.</span> <span class='ocrx_word' id='word_1_148' title='bbox 1402 2103 1508 2137; x_wconf 65' lang='lat' dir='ltr'>(Vidn</span> <span class='ocrx_word' id='word_1_149' title='bbox 1533 2103 1590 2130; x_wconf 82' lang='lat' dir='ltr'>a&#39;el</span> <span class='ocrx_word' id='word_1_150' title='bbox 1613 2103 1749 2137; x_wconf 79' lang='lat' dir='ltr'>grande</span> <span class='ocrx_word' id='word_1_151' title='bbox 1772 2103 1844 2130; x_wconf 81' lang='lat' dir='ltr'>San</span> 
     </span>
     <span class='ocr_line' id='line_1_19' title="bbox 207 2155 888 2190; baseline -0.003 -7"><span class='ocrx_word' id='word_1_152' title='bbox 207 2156 398 2183; x_wconf 77' lang='lat' dir='ltr'>Francisco</span> <span class='ocrx_word' id='word_1_153' title='bbox 413 2156 455 2182; x_wconf 82' lang='lat' dir='ltr'>de</span> <span class='ocrx_word' id='word_1_154' title='bbox 471 2155 581 2190; x_wconf 79' lang='lat' dir='ltr'>Borja</span> <span class='ocrx_word' id='word_1_155' title='bbox 594 2177 600 2186; x_wconf 83' lang='lat'><em>,</em></span> <span class='ocrx_word' id='word_1_156' title='bbox 615 2155 672 2181; x_wconf 90' lang='lat' dir='ltr'>lib.</span> <span class='ocrx_word' id='word_1_157' title='bbox 688 2162 721 2188; x_wconf 74' lang='lat' dir='ltr'>V,</span> <span class='ocrx_word' id='word_1_158' title='bbox 738 2161 811 2188; x_wconf 81' lang='lat' dir='ltr'>cap.</span> <span class='ocrx_word' id='word_1_159' title='bbox 829 2156 888 2181; x_wconf 53' lang='lat' dir='ltr'>lv.)</span> 
     </span>
    </p>

    <p class='ocr_par' dir='ltr' id='par_1_6' title="bbox 207 2197 1847 2899">
     <span class='ocr_line' id='line_1_20' title="bbox 260 2197 1846 2235; baseline -0.004 -5"><span class='ocrx_word' id='word_1_160' title='bbox 260 2203 274 2222; x_wconf 77' lang='lat'>2</span> <span class='ocrx_word' id='word_1_161' title='bbox 312 2203 365 2230; x_wconf 91' lang='lat' dir='ltr'>En</span> <span class='ocrx_word' id='word_1_162' title='bbox 378 2202 570 2230; x_wconf 84' lang='lat' dir='ltr'>Cardinalis</span> <span class='ocrx_word' id='word_1_163' title='bbox 586 2202 709 2229; x_wconf 89' lang='lat' dir='ltr'>Alvari</span> <span class='ocrx_word' id='word_1_164' title='bbox 727 2201 928 2235; x_wconf 80' lang='lat' dir='ltr'>Cienfuegos</span> <span class='ocrx_word' id='word_1_165' title='bbox 944 2201 1062 2233; x_wconf 81' lang='lat' dir='ltr'>verba,</span> <span class='ocrx_word' id='word_1_166' title='bbox 1079 2199 1198 2234; x_wconf 83' lang='lat' dir='ltr'>quibus</span> <span class='ocrx_word' id='word_1_167' title='bbox 1213 2197 1444 2226; x_wconf 88' lang='lat' dir='ltr'>testimonium</span> <span class='ocrx_word' id='word_1_168' title='bbox 1459 2198 1619 2233; x_wconf 82' lang='lat' dir='ltr'>exprimit</span> <span class='ocrx_word' id='word_1_169' title='bbox 1632 2197 1730 2225; x_wconf 81' lang='lat' dir='ltr'>Beati</span> <span class='ocrx_word' id='word_1_170' title='bbox 1746 2197 1846 2231; x_wconf 84' lang='lat' dir='ltr'>Joan—</span> 
     </span>
     <span class='ocr_line' id='line_1_21' title="bbox 208 2245 1844 2284; baseline -0.004 -6"><span class='ocrx_word' id='word_1_171' title='bbox 208 2251 259 2278; x_wconf 90' lang='lat' dir='ltr'>nis</span> <span class='ocrx_word' id='word_1_172' title='bbox 273 2251 312 2277; x_wconf 90' lang='lat' dir='ltr'>de</span> <span class='ocrx_word' id='word_1_173' title='bbox 330 2250 473 2277; x_wconf 84' lang='lat' dir='ltr'>Ribera:</span> <span class='ocrx_word' id='word_1_174' title='bbox 491 2249 670 2284; x_wconf 74' lang='lat' dir='ltr'>“Oigamos</span> <span class='ocrx_word' id='word_1_175' title='bbox 692 2250 725 2276; x_wconf 86' lang='lat' dir='ltr'>al</span> <span class='ocrx_word' id='word_1_176' title='bbox 739 2248 933 2275; x_wconf 86' lang='lat' dir='ltr'>Venerable</span> <span class='ocrx_word' id='word_1_177' title='bbox 949 2247 1024 2274; x_wconf 92' lang='lat' dir='ltr'>Don</span> <span class='ocrx_word' id='word_1_178' title='bbox 1038 2247 1126 2280; x_wconf 84' lang='lat' dir='ltr'>Juan</span> <span class='ocrx_word' id='word_1_179' title='bbox 1147 2248 1186 2274; x_wconf 87' lang='lat' dir='ltr'>de</span> <span class='ocrx_word' id='word_1_180' title='bbox 1202 2247 1340 2280; x_wconf 84' lang='lat' dir='ltr'>Ribera‚</span> <span class='ocrx_word' id='word_1_181' title='bbox 1362 2246 1543 2273; x_wconf 85' lang='lat' dir='ltr'>Patriarca</span> <span class='ocrx_word' id='word_1_182' title='bbox 1557 2254 1579 2281; x_wconf 86' lang='lat' dir='ltr'>y</span> <span class='ocrx_word' id='word_1_183' title='bbox 1594 2245 1784 2279; x_wconf 87' lang='lat' dir='ltr'>Arzobispo</span> <span class='ocrx_word' id='word_1_184' title='bbox 1805 2246 1844 2272; x_wconf 75' lang='lat' dir='ltr'>dc</span> 
     </span>
     <span class='ocr_line' id='line_1_22' title="bbox 208 2293 1845 2331; baseline -0.004 -6"><span class='ocrx_word' id='word_1_185' title='bbox 208 2298 386 2331; x_wconf 86' lang='lat' dir='ltr'>Valencia‚</span> <span class='ocrx_word' id='word_1_186' title='bbox 402 2305 443 2324; x_wconf 90' lang='lat' dir='ltr'>en</span> <span class='ocrx_word' id='word_1_187' title='bbox 458 2297 594 2331; x_wconf 85' lang='lat' dir='ltr'>aquella</span> <span class='ocrx_word' id='word_1_188' title='bbox 615 2300 714 2324; x_wconf 87' lang='lat' dir='ltr'>carta</span> <span class='ocrx_word' id='word_1_189' title='bbox 737 2295 852 2323; x_wconf 83' lang='lat' dir='ltr'>divina</span> <span class='ocrx_word' id='word_1_190' title='bbox 873 2303 935 2329; x_wconf 91' lang='lat' dir='ltr'>que</span> <span class='ocrx_word' id='word_1_191' title='bbox 958 2302 1120 2329; x_wconf 82' lang='lat' dir='ltr'>compara</span> <span class='ocrx_word' id='word_1_192' title='bbox 1141 2302 1203 2322; x_wconf 90' lang='lat' dir='ltr'>con</span> <span class='ocrx_word' id='word_1_193' title='bbox 1224 2293 1292 2321; x_wconf 84' lang='lat' dir='ltr'>San</span> <span class='ocrx_word' id='word_1_194' title='bbox 1307 2293 1446 2327; x_wconf 82' lang='lat' dir='ltr'>Ignacio</span> <span class='ocrx_word' id='word_1_195' title='bbox 1467 2294 1500 2320; x_wconf 88' lang='lat' dir='ltr'>al</span> <span class='ocrx_word' id='word_1_196' title='bbox 1521 2295 1619 2320; x_wconf 85' lang='lat' dir='ltr'>santo</span> <span class='ocrx_word' id='word_1_197' title='bbox 1636 2293 1739 2327; x_wconf 73' lang='lat' dir='ltr'>BorJ‘a</span> <span class='ocrx_word' id='word_1_198' title='bbox 1757 2301 1795 2320; x_wconf 89' lang='lat' dir='ltr'>en</span> <span class='ocrx_word' id='word_1_199' title='bbox 1816 2294 1845 2319; x_wconf 87' lang='lat' dir='ltr'>el</span> 
     </span>
     <span class='ocr_line' id='line_1_23' title="bbox 207 2338 1845 2379; baseline -0.004 -8"><span class='ocrx_word' id='word_1_200' title='bbox 207 2344 330 2370; x_wconf 71' lang='lat' dir='ltr'>merito</span> <span class='ocrx_word' id='word_1_201' title='bbox 344 2352 365 2379; x_wconf 87' lang='lat' dir='ltr'>y</span> <span class='ocrx_word' id='word_1_202' title='bbox 382 2351 422 2370; x_wconf 90' lang='lat' dir='ltr'>en</span> <span class='ocrx_word' id='word_1_203' title='bbox 436 2344 470 2370; x_wconf 86' lang='grc'>13</span> <span class='ocrx_word' id='word_1_204' title='bbox 491 2343 601 2377; x_wconf 84' lang='lat' dir='ltr'>gloria</span> <span class='ocrx_word' id='word_1_205' title='bbox 616 2343 655 2369; x_wconf 90' lang='lat' dir='ltr'>de</span> <span class='ocrx_word' id='word_1_206' title='bbox 677 2346 751 2370; x_wconf 83' lang='lat' dir='ltr'>esta</span> <span class='ocrx_word' id='word_1_207' title='bbox 772 2341 919 2369; x_wconf 74' lang='lat' dir='ltr'>fabrica:</span> <span class='ocrx_word' id='word_1_208' title='bbox 942 2341 1105 2368; x_wconf 78' lang='lat' dir='ltr'>Tambien</span> <span class='ocrx_word' id='word_1_209' title='bbox 1127 2342 1156 2367; x_wconf 89' lang='lat' dir='ltr'>le</span> <span class='ocrx_word' id='word_1_210' title='bbox 1178 2340 1322 2368; x_wconf 90' lang='lat' dir='ltr'>convino</span> <span class='ocrx_word' id='word_1_211' title='bbox 1347 2340 1379 2366; x_wconf 87' lang='lat' dir='ltr'>al</span> <span class='ocrx_word' id='word_1_212' title='bbox 1401 2339 1510 2366; x_wconf 85' lang='lat' dir='ltr'>Padre</span> <span class='ocrx_word' id='word_1_213' title='bbox 1533 2338 1718 2366; x_wconf 85' lang='lat' dir='ltr'>Francisco</span> <span class='ocrx_word' id='word_1_214' title='bbox 1740 2340 1771 2366; x_wconf 94' lang='lat' dir='ltr'>lo</span> <span class='ocrx_word' id='word_1_215' title='bbox 1792 2339 1845 2366; x_wconf 90' lang='lat' dir='ltr'>del</span> 
     </span>
     <span class='ocr_line' id='line_1_24' title="bbox 208 2386 1844 2424; baseline -0.003 -6"><span class='ocrx_word' id='word_1_216' title='bbox 208 2391 281 2418; x_wconf 83' lang='lat' dir='ltr'>real</span> <span class='ocrx_word' id='word_1_217' title='bbox 295 2391 429 2424; x_wconf 84' lang='lat' dir='ltr'>profeta</span> <span class='ocrx_word' id='word_1_218' title='bbox 444 2390 568 2424; x_wconf 72' lang='lat' dir='ltr'>David,</span> <span class='ocrx_word' id='word_1_219' title='bbox 585 2391 728 2417; x_wconf 76' lang='lat' dir='ltr'>vineam</span> <span class='ocrx_word' id='word_1_220' title='bbox 744 2390 786 2417; x_wconf 79' lang='lat' dir='ltr'>de</span> <span class='ocrx_word' id='word_1_221' title='bbox 803 2389 959 2424; x_wconf 68' lang='lat' dir='ltr'>Aegypto</span> <span class='ocrx_word' id='word_1_222' title='bbox 974 2388 1208 2421; x_wconf 78' lang='lat' dir='ltr'>transtulisti,</span> <span class='ocrx_word' id='word_1_223' title='bbox 1224 2387 1363 2423; x_wconf 78' lang='lat' dir='ltr'>ejecisti</span> <span class='ocrx_word' id='word_1_224' title='bbox 1375 2388 1498 2421; x_wconf 82' lang='lat' dir='ltr'>gentes</span> <span class='ocrx_word' id='word_1_225' title='bbox 1513 2389 1544 2413; x_wconf 83' lang='lat' dir='ltr'>et</span> <span class='ocrx_word' id='word_1_226' title='bbox 1557 2386 1740 2421; x_wconf 71' lang='lat' dir='ltr'>plantasti</span> <span class='ocrx_word' id='word_1_227' title='bbox 1755 2394 1844 2413; x_wconf 81' lang='lat' dir='ltr'>eam.</span> 
     </span>
     <span class='ocr_line' id='line_1_25' title="bbox 210 2435 1846 2472; baseline -0.003 -7"><span class='ocrx_word' id='word_1_228' title='bbox 210 2438 330 2465; x_wconf 89' lang='lat' dir='ltr'>Mucho</span> <span class='ocrx_word' id='word_1_229' title='bbox 344 2438 418 2465; x_wconf 85' lang='lat' dir='ltr'>hizo</span> <span class='ocrx_word' id='word_1_230' title='bbox 435 2439 464 2465; x_wconf 89' lang='lat' dir='ltr'>el</span> <span class='ocrx_word' id='word_1_231' title='bbox 479 2442 578 2465; x_wconf 71' lang='lat' dir='ltr'>santo</span> <span class='ocrx_word' id='word_1_232' title='bbox 600 2438 709 2465; x_wconf 89' lang='lat' dir='ltr'>Padre</span> <span class='ocrx_word' id='word_1_233' title='bbox 730 2437 870 2472; x_wconf 85' lang='lat' dir='ltr'>Ignacio</span> <span class='ocrx_word' id='word_1_234' title='bbox 892 2445 932 2463; x_wconf 83' lang='lat' dir='ltr'>en</span> <span class='ocrx_word' id='word_1_235' title='bbox 953 2438 1076 2464; x_wconf 86' lang='lat' dir='ltr'>busear</span> <span class='ocrx_word' id='word_1_236' title='bbox 1099 2436 1304 2463; x_wconf 87' lang='lat' dir='ltr'>sarmientos</span> <span class='ocrx_word' id='word_1_237' title='bbox 1324 2443 1410 2470; x_wconf 84' lang='lat' dir='ltr'>para</span> <span class='ocrx_word' id='word_1_238' title='bbox 1434 2443 1473 2461; x_wconf 89' lang='lat' dir='ltr'>su</span> <span class='ocrx_word' id='word_1_239' title='bbox 1486 2435 1584 2461; x_wconf 79' lang='lat' dir='ltr'>vina:</span> <span class='ocrx_word' id='word_1_240' title='bbox 1606 2442 1687 2468; x_wconf 87' lang='lat' dir='ltr'>pero</span> <span class='ocrx_word' id='word_1_241' title='bbox 1708 2442 1750 2461; x_wconf 95' lang='lat' dir='ltr'>no</span> <span class='ocrx_word' id='word_1_242' title='bbox 1772 2435 1846 2462; x_wconf 89' lang='lat' dir='ltr'>hizo</span> 
     </span>
     <span class='ocr_line' id='line_1_26' title="bbox 209 2482 1844 2519; baseline -0.004 -6"><span class='ocrx_word' id='word_1_243' title='bbox 209 2492 324 2512; x_wconf 86' lang='lat' dir='ltr'>menos</span> <span class='ocrx_word' id='word_1_244' title='bbox 336 2485 435 2519; x_wconf 84' lang='lat' dir='ltr'>quien</span> <span class='ocrx_word' id='word_1_245' title='bbox 450 2486 483 2513; x_wconf 88' lang='lat' dir='ltr'>la</span> <span class='ocrx_word' id='word_1_246' title='bbox 498 2485 584 2513; x_wconf 83' lang='lat' dir='ltr'>libro</span> <span class='ocrx_word' id='word_1_247' title='bbox 600 2485 639 2512; x_wconf 88' lang='lat' dir='ltr'>de</span> <span class='ocrx_word' id='word_1_248' title='bbox 654 2486 705 2512; x_wconf 85' lang='lat' dir='ltr'>las</span> <span class='ocrx_word' id='word_1_249' title='bbox 720 2485 979 2519; x_wconf 82' lang='lat' dir='ltr'>persecuciones</span> <span class='ocrx_word' id='word_1_250' title='bbox 996 2491 1058 2518; x_wconf 89' lang='lat' dir='ltr'>que</span> <span class='ocrx_word' id='word_1_251' title='bbox 1074 2483 1217 2518; x_wconf 70' lang='lat' dir='ltr'>despues</span> <span class='ocrx_word' id='word_1_252' title='bbox 1231 2483 1372 2517; x_wconf 81' lang='lat' dir='ltr'>padecio</span> <span class='ocrx_word' id='word_1_253' title='bbox 1387 2491 1409 2518; x_wconf 90' lang='lat' dir='ltr'>y</span> <span class='ocrx_word' id='word_1_254' title='bbox 1424 2483 1463 2509; x_wconf 89' lang='lat' dir='ltr'>de</span> <span class='ocrx_word' id='word_1_255' title='bbox 1480 2483 1530 2509; x_wconf 89' lang='lat' dir='ltr'>los</span> <span class='ocrx_word' id='word_1_256' title='bbox 1545 2482 1766 2509; x_wconf 81' lang='lat' dir='ltr'>adversarios</span> <span class='ocrx_word' id='word_1_257' title='bbox 1782 2490 1844 2516; x_wconf 82' lang='lat' dir='ltr'>quc</span> 
     </span>
     <span class='ocr_line' id='line_1_27' title="bbox 209 2528 1847 2566; baseline -0.002 -7"><span class='ocrx_word' id='word_1_258' title='bbox 209 2540 244 2559; x_wconf 88' lang='lat' dir='ltr'>se</span> <span class='ocrx_word' id='word_1_259' title='bbox 269 2533 472 2559; x_wconf 86' lang='lat' dir='ltr'>levantaron</span> <span class='ocrx_word' id='word_1_260' title='bbox 496 2536 616 2560; x_wconf 87' lang='lat' dir='ltr'>contra</span> <span class='ocrx_word' id='word_1_261' title='bbox 640 2533 717 2566; x_wconf 86' lang='lat' dir='ltr'>ella,</span> <span class='ocrx_word' id='word_1_262' title='bbox 743 2532 845 2559; x_wconf 85' lang='lat' dir='ltr'>hasta</span> <span class='ocrx_word' id='word_1_263' title='bbox 866 2532 998 2566; x_wconf 84' lang='lat' dir='ltr'>dejarla</span> <span class='ocrx_word' id='word_1_264' title='bbox 1022 2535 1081 2558; x_wconf 83' lang='lat' dir='ltr'>tan</span> <span class='ocrx_word' id='word_1_265' title='bbox 1105 2530 1270 2565; x_wconf 85' lang='lat' dir='ltr'>plantada</span> <span class='ocrx_word' id='word_1_266' title='bbox 1290 2539 1311 2565; x_wconf 83' lang='lat' dir='ltr'><strong>y</strong></span> <span class='ocrx_word' id='word_1_267' title='bbox 1326 2529 1513 2564; x_wconf 84' lang='lat' dir='ltr'>arraigada</span> <span class='ocrx_word' id='word_1_268' title='bbox 1535 2537 1596 2563; x_wconf 86' lang='lat' dir='ltr'>que</span> <span class='ocrx_word' id='word_1_269' title='bbox 1618 2528 1792 2556; x_wconf 86' lang='lat' dir='ltr'>hinchiese</span> <span class='ocrx_word' id='word_1_270' title='bbox 1814 2530 1847 2555; x_wconf 77' lang='lat' dir='ltr'>ln</span> 
     </span>
     <span class='ocr_line' id='line_1_28' title="bbox 211 2576 1846 2615; baseline -0.003 -8"><span class='ocrx_word' id='word_1_271' title='bbox 211 2581 327 2613; x_wconf 85' lang='lat' dir='ltr'>tierra,</span> <span class='ocrx_word' id='word_1_272' title='bbox 344 2587 437 2606; x_wconf 86' lang='lat' dir='ltr'>como</span> <span class='ocrx_word' id='word_1_273' title='bbox 453 2580 521 2615; x_wconf 90' lang='lat' dir='ltr'>hoy</span> <span class='ocrx_word' id='word_1_274' title='bbox 536 2580 569 2607; x_wconf 87' lang='lat' dir='ltr'>la</span> <span class='ocrx_word' id='word_1_275' title='bbox 583 2587 710 2607; x_wconf 86' lang='lat' dir='ltr'>vernos.</span> <span class='ocrx_word' id='word_1_276' title='bbox 727 2579 758 2606; x_wconf 77' lang='lat' dir='ltr'>Y</span> <span class='ocrx_word' id='word_1_277' title='bbox 773 2579 800 2606; x_wconf 86' lang='lat' dir='ltr'>si</span> <span class='ocrx_word' id='word_1_278' title='bbox 820 2580 852 2606; x_wconf 85' lang='lat' dir='ltr'>la</span> <span class='ocrx_word' id='word_1_279' title='bbox 867 2579 990 2613; x_wconf 85' lang='lat' dir='ltr'>piedad</span> <span class='ocrx_word' id='word_1_280' title='bbox 1006 2579 1170 2605; x_wconf 82' lang='lat' dir='ltr'>cristiana</span> <span class='ocrx_word' id='word_1_281' title='bbox 1186 2587 1207 2613; x_wconf 75' lang='lat' dir='ltr'>y</span> <span class='ocrx_word' id='word_1_282' title='bbox 1222 2577 1387 2611; x_wconf 84' lang='lat' dir='ltr'>prudente</span> <span class='ocrx_word' id='word_1_283' title='bbox 1409 2585 1450 2604; x_wconf 94' lang='lat' dir='ltr'>no</span> <span class='ocrx_word' id='word_1_284' title='bbox 1471 2577 1613 2611; x_wconf 82' lang='lat' dir='ltr'>permite</span> <span class='ocrx_word' id='word_1_285' title='bbox 1635 2576 1743 2603; x_wconf 87' lang='lat' dir='ltr'>dudar</span> <span class='ocrx_word' id='word_1_286' title='bbox 1758 2576 1797 2603; x_wconf 88' lang='lat' dir='ltr'>de</span> <span class='ocrx_word' id='word_1_287' title='bbox 1814 2577 1846 2602; x_wconf 81' lang='lat' dir='ltr'>la</span> 
     </span>
     <span class='ocr_line' id='line_1_29' title="bbox 209 2623 1846 2661; baseline -0.002 -7"><span class='ocrx_word' id='word_1_288' title='bbox 209 2627 369 2655; x_wconf 83' lang='lat' dir='ltr'>santidacl</span> <span class='ocrx_word' id='word_1_289' title='bbox 385 2627 439 2653; x_wconf 86' lang='lat' dir='ltr'>del</span> <span class='ocrx_word' id='word_1_290' title='bbox 454 2634 516 2661; x_wconf 85' lang='lat' dir='ltr'>que</span> <span class='ocrx_word' id='word_1_291' title='bbox 532 2627 704 2661; x_wconf 87' lang='lat' dir='ltr'>engendro</span> <span class='ocrx_word' id='word_1_292' title='bbox 720 2634 778 2661; x_wconf 85' lang='lat' dir='ltr'>por</span> <span class='ocrx_word' id='word_1_293' title='bbox 800 2628 832 2654; x_wconf 87' lang='grc'>13</span> <span class='ocrx_word' id='word_1_294' title='bbox 854 2626 999 2660; x_wconf 84' lang='lat' dir='ltr'>religion</span> <span class='ocrx_word' id='word_1_295' title='bbox 1020 2630 1093 2653; x_wconf 83' lang='lat' dir='ltr'>esta</span> <span class='ocrx_word' id='word_1_296' title='bbox 1109 2625 1307 2659; x_wconf 56' lang='lat' dir='ltr'>ComparHa,</span> <span class='ocrx_word' id='word_1_297' title='bbox 1330 2628 1486 2659; x_wconf 87' lang='lat' dir='ltr'>tampoco</span> <span class='ocrx_word' id='word_1_298' title='bbox 1507 2623 1651 2658; x_wconf 86' lang='lat' dir='ltr'>permite</span> <span class='ocrx_word' id='word_1_299' title='bbox 1673 2624 1707 2650; x_wconf 92' lang='grc'>13</span> <span class='ocrx_word' id='word_1_300' title='bbox 1726 2624 1846 2650; x_wconf 84' lang='lat' dir='ltr'>misma</span> 
     </span>
     <span class='ocr_line' id='line_1_30' title="bbox 208 2671 1846 2710; baseline -0.004 -7"><span class='ocrx_word' id='word_1_301' title='bbox 208 2675 330 2710; x_wconf 86' lang='lat' dir='ltr'>piedad</span> <span class='ocrx_word' id='word_1_302' title='bbox 346 2674 453 2701; x_wconf 86' lang='lat' dir='ltr'>dudar</span> <span class='ocrx_word' id='word_1_303' title='bbox 467 2674 507 2701; x_wconf 84' lang='lat' dir='ltr'>de</span> <span class='ocrx_word' id='word_1_304' title='bbox 522 2675 556 2701; x_wconf 86' lang='lat' dir='ltr'>la</span> <span class='ocrx_word' id='word_1_305' title='bbox 576 2674 734 2702; x_wconf 84' lang='lat' dir='ltr'>santidad</span> <span class='ocrx_word' id='word_1_306' title='bbox 757 2675 796 2701; x_wconf 87' lang='lat' dir='ltr'>de</span> <span class='ocrx_word' id='word_1_307' title='bbox 816 2675 847 2701; x_wconf 85' lang='lat' dir='ltr'>el</span> <span class='ocrx_word' id='word_1_308' title='bbox 872 2682 934 2708; x_wconf 88' lang='lat' dir='ltr'>que</span> <span class='ocrx_word' id='word_1_309' title='bbox 960 2675 992 2701; x_wconf 85' lang='lat' dir='ltr'>la</span> <span class='ocrx_word' id='word_1_310' title='bbox 1017 2674 1087 2700; x_wconf 84' lang='lat' dir='ltr'>erio</span> <span class='ocrx_word' id='word_1_311' title='bbox 1112 2681 1153 2699; x_wconf 85' lang='lat' dir='ltr'>en</span> <span class='ocrx_word' id='word_1_312' title='bbox 1177 2681 1215 2699; x_wconf 89' lang='lat' dir='ltr'>su</span> <span class='ocrx_word' id='word_1_313' title='bbox 1240 2673 1351 2700; x_wconf 82' lang='lat' dir='ltr'>tierna</span> <span class='ocrx_word' id='word_1_314' title='bbox 1375 2672 1470 2705; x_wconf 81' lang='lat' dir='ltr'>edad,</span> <span class='ocrx_word' id='word_1_315' title='bbox 1487 2680 1509 2707; x_wconf 84' lang='lat' dir='ltr'><strong>y</strong></span> <span class='ocrx_word' id='word_1_316' title='bbox 1525 2672 1558 2698; x_wconf 92' lang='grc'>13</span> <span class='ocrx_word' id='word_1_317' title='bbox 1582 2671 1810 2705; x_wconf 77' lang='lat' dir='ltr'>engrandecio</span> <span class='ocrx_word' id='word_1_318' title='bbox 1826 2680 1846 2706; x_wconf 76' lang='lat' dir='ltr'>y</span> 
     </span>
     <span class='ocr_line' id='line_1_31' title="bbox 210 2717 1846 2755; baseline -0.003 -6"><span class='ocrx_word' id='word_1_319' title='bbox 210 2723 335 2750; x_wconf 80' lang='lat' dir='ltr'>exalto.</span> <span class='ocrx_word' id='word_1_320' title='bbox 350 2722 435 2749; x_wconf 88' lang='lat' dir='ltr'>Esto</span> <span class='ocrx_word' id='word_1_321' title='bbox 451 2721 526 2748; x_wconf 90' lang='lat' dir='ltr'>hizo</span> <span class='ocrx_word' id='word_1_322' title='bbox 542 2722 572 2748; x_wconf 84' lang='lat' dir='ltr'>el</span> <span class='ocrx_word' id='word_1_323' title='bbox 587 2721 696 2749; x_wconf 85' lang='lat' dir='ltr'>Padre</span> <span class='ocrx_word' id='word_1_324' title='bbox 713 2722 745 2748; x_wconf 83' lang='lat' dir='ltr'>S.</span> <span class='ocrx_word' id='word_1_325' title='bbox 768 2721 981 2752; x_wconf 70' lang='lat' dir='ltr'>Francisco...</span> <span class='ocrx_word' id='word_1_326' title='bbox 998 2721 1106 2755; x_wconf 76' lang='lat' dir='ltr'>(Victa</span> <span class='ocrx_word' id='word_1_327' title='bbox 1127 2721 1184 2747; x_wconf 80' lang='lat' dir='ltr'>del</span> <span class='ocrx_word' id='word_1_328' title='bbox 1204 2721 1341 2754; x_wconf 81' lang='lat' dir='ltr'>grande</span> <span class='ocrx_word' id='word_1_329' title='bbox 1363 2720 1434 2746; x_wconf 83' lang='lat' dir='ltr'>San</span> <span class='ocrx_word' id='word_1_330' title='bbox 1450 2719 1642 2746; x_wconf 79' lang='lat' dir='ltr'>Francisco</span> <span class='ocrx_word' id='word_1_331' title='bbox 1663 2719 1704 2745; x_wconf 82' lang='lat' dir='ltr'>dc</span> <span class='ocrx_word' id='word_1_332' title='bbox 1726 2717 1846 2753; x_wconf 79' lang='lat' dir='ltr'>Borja.</span> 
     </span>
     <span class='ocr_line' id='line_1_32' title="bbox 209 2767 1847 2804; baseline -0.004 -6"><span class='ocrx_word' id='word_1_333' title='bbox 209 2771 265 2798; x_wconf 91' lang='lat' dir='ltr'>lib.</span> <span class='ocrx_word' id='word_1_334' title='bbox 282 2779 314 2804; x_wconf 85' lang='lat' dir='ltr'>v,</span> <span class='ocrx_word' id='word_1_335' title='bbox 331 2778 404 2804; x_wconf 88' lang='lat' dir='ltr'>cap.</span> <span class='ocrx_word' id='word_1_336' title='bbox 420 2777 465 2797; x_wconf 71' lang='lat' dir='ltr'>lv,</span> <span class='ocrx_word' id='word_1_337' title='bbox 478 2771 486 2803; x_wconf 83' lang='grc'>&gt;</span> <span class='ocrx_word' id='word_1_338' title='bbox 501 2769 597 2796; x_wconf 90' lang='lat' dir='ltr'>Unde</span> <span class='ocrx_word' id='word_1_339' title='bbox 611 2770 695 2797; x_wconf 92' lang='lat' dir='ltr'>nihil</span> <span class='ocrx_word' id='word_1_340' title='bbox 715 2771 838 2798; x_wconf 90' lang='lat' dir='ltr'>mirum</span> <span class='ocrx_word' id='word_1_341' title='bbox 856 2771 883 2797; x_wconf 84' lang='lat' dir='ltr'>si</span> <span class='ocrx_word' id='word_1_342' title='bbox 905 2771 1027 2797; x_wconf 90' lang='lat' dir='ltr'>ibidem</span> <span class='ocrx_word' id='word_1_343' title='bbox 1043 2770 1185 2804; x_wconf 80' lang='lat' dir='ltr'>ipsemet</span> <span class='ocrx_word' id='word_1_344' title='bbox 1201 2768 1394 2796; x_wconf 84' lang='lat' dir='ltr'>Cardinalis</span> <span class='ocrx_word' id='word_1_345' title='bbox 1410 2768 1612 2801; x_wconf 84' lang='lat' dir='ltr'>Cicnfuegos</span> <span class='ocrx_word' id='word_1_346' title='bbox 1627 2767 1714 2794; x_wconf 80' lang='lat' dir='ltr'>hanc</span> <span class='ocrx_word' id='word_1_347' title='bbox 1730 2774 1847 2801; x_wconf 87' lang='lat' dir='ltr'>propo-</span> 
     </span>
     <span class='ocr_line' id='line_1_33' title="bbox 208 2816 1846 2855; baseline -0.004 -9"><span class='ocrx_word' id='word_1_348' title='bbox 208 2822 269 2846; x_wconf 86' lang='lat' dir='ltr'>nat</span> <span class='ocrx_word' id='word_1_349' title='bbox 290 2817 533 2853; x_wconf 83' lang='lat' dir='ltr'>quaestionem:</span> <span class='ocrx_word' id='word_1_350' title='bbox 557 2817 718 2851; x_wconf 54' lang='lat' dir='ltr'>“fiEritne,</span> <span class='ocrx_word' id='word_1_351' title='bbox 739 2818 855 2853; x_wconf 73' lang='lat' dir='ltr'>inquit,</span> <span class='ocrx_word' id='word_1_352' title='bbox 879 2819 910 2845; x_wconf 89' lang='lat' dir='ltr'>in</span> <span class='ocrx_word' id='word_1_353' title='bbox 931 2818 1087 2845; x_wconf 85' lang='lat' dir='ltr'>Ecclesia</span> <span class='ocrx_word' id='word_1_354' title='bbox 1108 2821 1229 2855; x_wconf 76' lang='lat' dir='ltr'>sancta</span> <span class='ocrx_word' id='word_1_355' title='bbox 1250 2816 1395 2851; x_wconf 82' lang='lat' dir='ltr'>Relligio</span> <span class='ocrx_word' id='word_1_356' title='bbox 1421 2817 1546 2850; x_wconf 82' lang='lat' dir='ltr'>aliqua,</span> <span class='ocrx_word' id='word_1_357' title='bbox 1562 2822 1646 2850; x_wconf 81' lang='lat' dir='ltr'>quae</span> <span class='ocrx_word' id='word_1_358' title='bbox 1664 2819 1796 2841; x_wconf 83' lang='lat' dir='ltr'>tantum</span> <span class='ocrx_word' id='word_1_359' title='bbox 1817 2821 1846 2839; x_wconf 79' lang='lat' dir='ltr'>ei</span> 
     </span>
     <span class='ocr_line' id='line_1_34' title="bbox 207 2863 1277 2899; baseline -0.002 -6"><span class='ocrx_word' id='word_1_360' title='bbox 207 2866 343 2899; x_wconf 81' lang='lat' dir='ltr'>debeat,</span> <span class='ocrx_word' id='word_1_361' title='bbox 362 2865 415 2899; x_wconf 91' lang='lat' dir='ltr'>qui</span> <span class='ocrx_word' id='word_1_362' title='bbox 433 2865 532 2892; x_wconf 84' lang='lat' dir='ltr'>istius</span> <span class='ocrx_word' id='word_1_363' title='bbox 547 2863 748 2899; x_wconf 84' lang='lat' dir='ltr'>Relligionis</span> <span class='ocrx_word' id='word_1_364' title='bbox 763 2865 968 2893; x_wconf 82' lang='lat' dir='ltr'>Patriarcha</span> <span class='ocrx_word' id='word_1_365' title='bbox 984 2873 1048 2892; x_wconf 87' lang='lat' dir='ltr'>non</span> <span class='ocrx_word' id='word_1_366' title='bbox 1065 2864 1277 2892; x_wconf 77' lang='lat' dir='ltr'>exstite1·it?..</span> 
     </span>
    </p>
   </div>
  </div>
 </body>
</html>
