1969 3293
229 145 299 181 698
775 147 819 184 S.
849 146 1122 186 FRANCIscus
1149 149 1323 187 BORGIA

230 242 632 292 quingentessimo
648 245 875 285 vicesimo
889 257 1027 297 nono,
1044 246 1116 286 die
1133 258 1247 287 vero
1261 248 1495 289 intitulata
1508 249 1689 291 decima
1707 253 1869 303 quinta

228 313 402 353 mensis
422 313 562 366 Junii.

311 383 454 435 [Hinc
486 386 697 437 sequitur
726 389 1058 440 paragraphus
1089 400 1306 430 sermone
1337 390 1586 433 Valentiae
1613 396 1874 435 vernaculo

230 456 552 507 conscriptus,
585 458 732 509 quod,
763 470 870 499 cum
898 458 996 511 ejus
1024 460 1261 511 integrum
1295 463 1535 513 exemplar
1570 476 1663 504 non
1699 465 1869 506 habea-

189 539 195 544 ·
230 537 354 576 mUS,
379 528 648 568 summatim
670 530 847 581 accipe.
875 529 934 571 l.o
957 530 1014 571 D.
1046 531 1365 583 Hieronymus
1394 533 1450 573 de
1481 533 1751 576 Cavanilles
1779 535 1869 577 Gu-

228 597 451 638 bernator
482 598 728 641 Generalis
761 600 770 620 ¹
800 601 1009 642 civitatis
1039 603 1266 654 regnique
1293 603 1568 655 Valentiae,
1603 608 1870 657 postulante

227 669 412 709 notario
446 670 629 723 Joanne
664 671 839 713 Garcia
875 679 924 713 ut
959 680 1269 725 procuratore
1305 674 1363 714 D.
1403 675 1599 728 Joannis
1635 676 1690 717 de
1728 677 1870 729 ssorja

228 740 442 781 Gandiae
463 741 631 793 Ducis,
655 744 810 794 quoad
831 743 968 796 hujus
988 744 1108 784 filius
1130 744 1187 785 D.
1206 745 1491 786 Franciscus
1508 746 1563 787 de
1580 746 1717 799 Borja
1737 750 1876 789 annis

227 811 382 851 minor
402 812 596 863 existat,
621 820 825 854 tutorem
846 815 888 855 ei
910 814 1127 867 designat
1149 815 1207 856 D.
1230 816 1462 869 Joannem
1484 818 1539 858 de
1560 817 1700 870 Borja
1726 819 1870 860 filium

227 881 285 922 D.
303 882 524 924 Roderici
542 883 598 925 de
615 885 777 937 Borja,
801 887 878 937 qui
896 894 1031 938 pater
1048 894 1149 927 erat
1167 887 1405 939 Roderici‚
1425 888 1656 930 Ludovici
1673 896 1717 930 et
1732 890 1870 944 Joan-

226 954 319 1004 nis,
343 961 636 1008 vocaturque
658 957 705 996 in
727 958 907 998 curiam
930 957 1188 1010 supradicti
1221 958 1562 1001 Gubernatoris
1591 961 1650 1001 ad
1677 961 1800 1002 diem
1825 962 1872 1003 15

224 1020 351 1078 Junii
372 1027 482 1066 anni
507 1026 621 1068 1529.
647 1028 711 1068 2⁰
732 1028 843 1069 Dux
863 1028 921 1069 D.
945 1030 1154 1083 Joannes
1175 1030 1231 1070 de
1252 1030 1391 1082 Borja
1412 1031 1505 1072 filio
1527 1031 1584 1072 D.
1613 1032 1871 1074 Francisco

226 1097 428 1148 pretium
450 1099 628 1139 exolvit
649 1099 771 1140 dotis
793 1101 959 1141 matris
982 1113 1093 1141 suae
1116 1101 1174 1141 D.
1198 1102 1412 1155 Joannae
1434 1103 1490 1143 de
1511 1103 1709 1155 Aragon
1741 1104 1872 1145 dimi·

228 1168 305 1208 dia
327 1175 462 1220 parte
482 1171 837 1221 possessionum
860 1172 1071 1226 ditioniS‚
1096 1185 1216 1224 quae
1238 1174 1381 1224 vulgo
1399 1174 1568 1215 dicitur
1588 1175 1792 1216 Baronia
1815 1176 1873 1217 de

228 1239 478 1293 Lombay.]

305 1311 605 1363 Registratus
625 1314 673 1354 in
695 1314 876 1355 decima
898 1327 1041 1356 manu
1062 1316 1213 1357 littum
1231 1315 1244 1334 ²
1265 1317 1375 1357 anni
1395 1317 1629 1358 millesimi
1649 1319 1872 1370 quingen-

225 1383 406 1424 tessimi
426 1384 666 1425 vicessimi
687 1386 798 1426 noni
817 1386 939 1427 foleo
961 1388 1112 1428 tertio.

280 1592 290 1610 ¹
334 1592 455 1620 “Hallo
470 1593 611 1620 haberle
626 1593 784 1627 (Domino
801 1594 973 1623 Ludovico
989 1596 1028 1622 de
1046 1595 1258 1627 Cavanilles)
1272 1598 1431 1624 sucedido
1448 1605 1487 1624 en
1505 1599 1535 1625 el
1551 1605 1656 1632 cargo
1679 1598 1877 1632 (Guberna—

224 1640 310 1668 toris
326 1640 517 1674 Generalis)
532 1649 570 1668 su
585 1642 750 1670 hermano
768 1643 807 1670 D.
824 1643 1005 1670 Geronimo
1022 1643 1218 1671 Cavanilles
1234 1652 1274 1671 en
1290 1646 1400 1672 elafio
1417 1646 1474 1673 11111
1499 1647 1689 1680 quinientos
1712 1648 1827 1674 veinte
1851 1656 1875 1683 y

225 1695 301 1715 uno:
317 1689 348 1715 el
363 1689 439 1715 cual
455 1689 509 1716 fue'
526 1690 665 1724 capitan
685 1690 774 1718 dela
789 1692 923 1724 guarda
940 1692 992 1718 del
1010 1692 1212 1726 emperador
1228 1692 1349 1720 Carlos
1372 1693 1495 1726 Quinto
1508 1715 1514 1727 ,
1535 1702 1557 1730 y
1574 1695 1603 1721 16
1624 1694 1734 1728 signio
1757 1702 1798 1721 en
1817 1702 1875 1722 sus

223 1736 403 1770 j0rnadas;
420 1743 658 1772 mayormente
675 1740 785 1766 elafio
801 1740 857 1766 mil
876 1740 1068 1773 quinientos
1085 1740 1213 1767 treinta
1229 1749 1250 1776 y
1266 1741 1361 1768 cinco
1376 1749 1417 1768 en
1431 1742 1464 1768 la
1479 1742 1518 1768 de
1535 1741 1657 1769 Tunez.
1671 1742 1779 1770 Murio
1792 1750 1831 1769 en
1844 1744 1874 1770 el

226 1783 265 1810 de
280 1783 338 1811 mil
355 1785 549 1818 quinientos
563 1794 585 1821 y
601 1786 793 1819 cincuenta,
809 1796 830 1822 y
846 1787 900 1814 sue
919 1795 1064 1821 persona
1081 1792 1139 1814 tan
1154 1788 1333 1822 poderosa,
1350 1797 1412 1823 que
1428 1789 1547 1816 edifico
1562 1790 1602 1816 de
1619 1797 1657 1817 su
1673 1790 1874 1827 hacienday

224 1831 303 1859 doto
319 1832 349 1858 el
365 1833 574 1860 monasterio
591 1833 630 1860 de
647 1835 780 1869 monjas
796 1835 836 1861 de
851 1834 1030 1868 Jerusalen
1047 1843 1087 1862 en
1106 1835 1283 1870 Valencia3
1299 1845 1320 1872 y
1336 1837 1433 1864 labro
1449 1838 1480 1864 el
1502 1837 1637 1865 castillo
1663 1838 1703 1864 de
1720 1839 1873 1871 Alginet,

225 1880 374 1907 fabricas
389 1882 594 1914 empezadas
609 1889 670 1916 por
686 1883 716 1909 el
732 1882 814 1909 Luis
831 1883 869 1909 de
887 1882 1116 1917 Cat-animes„
1132 1883 1330 1917 EsCOLANQ
1347 1885 1367 1911 1.
1384 1891 1428 1918 lx,
1445 1892 1473 1912 c.
1490 1893 1522 1912 v.
1535 1885 1652 1912 —Etsi
1677 1886 1731 1913 hic
1754 1886 1875 1914 Hiero-

223 1935 348 1963 nymus
364 1928 403 1954 de
422 1928 622 1956 Cavanilles
638 1931 833 1964 appelletur
849 1939 952 1965 supra
968 1934 1114 1964 gerente
1129 1933 1226 1959 vices
1246 1933 1428 1965 generalis
1449 1933 1717 1967 gubernatoris,
1739 1935 1875 1962 videtur

223 1976 352 2009 gesisse
368 1983 493 2004 revera
509 1984 629 2004 munus
645 1979 902 2012 gubernatoris,
920 1984 953 2006 et
970 1987 1033 2006 non
1049 1981 1155 2007 solum
1173 1981 1491 2014 pro-gubernatoris
1507 2003 1512 2014 ,
1526 1983 1694 2015 portante
1709 1988 1812 2009 veces
1828 1982 1871 2010 de

222 2024 455 2057 gobernador,
470 2029 542 2052 tum
557 2025 636 2059 quia
651 2026 774 2053 ibidem
790 2028 890 2061 paulo
907 2027 1046 2054 inferius
1063 2032 1208 2054 vocatur
1224 2029 1453 2060 gubernator,
1470 2033 1541 2056 tum
1563 2029 1641 2063 quia
1664 2029 1814 2057 infertur
1830 2038 1874 2057 ex

223 2071 510 2105 praecedcnnbus
534 2076 568 2099 et
593 2074 814 2107 sequentibus
838 2075 871 2102 in
897 2079 1097 2101 narratione
1132 2075 1303 2102 Escolani.
1329 2075 1544 2103 Praecedunt
1570 2077 1657 2103 enim
1683 2077 1778 2104 haec:
1805 2077 1873 2105 “De

223 2126 322 2146 mano
337 2119 391 2146 del
406 2127 467 2155 rey
482 2119 637 2148 CatOIico
653 2126 734 2148 tuvo
750 2123 781 2148 el
797 2122 895 2149 dicho
912 2122 976 2149 don
992 2122 1073 2149 Luis
1089 2122 1128 2149 de
1152 2122 1353 2150 Cavamllas
1375 2124 1405 2150 el
1428 2131 1533 2158 cai-go
1556 2124 1596 2151 (16
1618 2126 1876 2158 portantveces

224 2167 266 2193 de
281 2167 428 2200 general
444 2168 668 2200 gobernador
682 2170 771 2197 dela
787 2170 910 2197 ciudad
925 2179 946 2206 y
962 2171 1056 2197 reino
1072 2171 1112 2197 de
1129 2170 1297 2198 Valencia
1314 2179 1354 2198 en
1367 2172 1397 2198 el
1410 2173 1475 2199 ano
1487 2172 1545 2199 mil
1558 2173 1811 2200 cuatrocientos
1823 2181 1874 2200 se-

223 2219 318 2242 tenta
333 2223 355 2250 y
371 2223 492 2248 nueve,
508 2216 678 2243 habiendo
693 2218 831 2245 servido
848 2219 996 2252 primero
1018 2226 1058 2245 en
1074 2219 1104 2245 el
1120 2218 1160 2245 de
1177 2220 1209 2245 la
1227 2218 1510 2252 Lugartinencia
1523 2227 1536 2252 ,·
1557 2221 1589 2247 la
1613 2221 1690 2247 cual
1715 2228 1749 2247 se
1777 2220 1831 2248 dio
1853 2223 1875 2248 a

220 2270 336 2289 mosen
352 2262 433 2290 Luis
450 2262 576 2290 Ferrer
589 2272 650 2299 por
666 2273 704 2292 su
720 2266 939 2299 promet-ion..
970 2266 1135 2299 juntando
1152 2274 1194 2293 un
1211 2268 1296 2293 buen
1313 2268 1411 2301 golpe
1427 2268 1467 2294 de
1484 2267 1668 2295 infanteria
1685 2276 1706 2304 y
1723 2269 1872 2296 caballe-

217 2311 280 2343 ria,
297 2311 409 2344 partio
426 2312 455 2338 61
472 2312 695 2345 gobernaa'or
710 2313 775 2340 don
792 2313 872 2340 Luis
890 2313 1090 2340 Cavanilles
1105 2315 1340 2348 acompafiado
1357 2315 1397 2342 (16
1413 2323 1528 2342 mosen
1554 2315 1636 2342 Luis
1659 2315 1786 2342 Ferrer
1800 2337 1806 2350 ,
1822 2316 1872 2343 lu·

220 2359 442 2391 gartinz'ente
459 2360 502 2386 de
518 2361 666 2393 general
681 2362 934 2394 gobernador...
951 2361 1106 2395 Despues
1123 2362 1161 2389 de
1187 2363 1301 2389 veinte
1327 2371 1348 2398 y
1364 2363 1424 2390 dos
1440 2365 1523 2390 anos
1548 2363 1587 2390 de
1614 2364 1763 2391 servicio
1779 2372 1819 2390 en
1841 2365 1872 2391 el

223 2414 327 2441 cargo
343 2408 382 2434 de
399 2409 632 2442 golwrnador,
647 2410 675 2436 16
692 2410 854 2437 renuncio
869 2418 910 2436 en
925 2411 955 2437 el
971 2411 1028 2437 mil
1044 2411 1237 2444 quinientos
1252 2419 1274 2446 y
1291 2415 1372 2444 tres,
1389 2419 1429 2438 en
1444 2419 1482 2438 su
1498 2411 1566 2446 hijo
1591 2410 1673 2438 Luis
1697 2412 1736 2438 de
1761 2411 1872 2439 Cava-

223 2454 357 2481 nilles...
373 2456 464 2482 hallo
482 2457 623 2483 haberle
638 2457 798 2484 sucedido
811 2465 850 2484 en
862 2459 891 2484 61
903 2458 1240 2491 cargo...„-inferius
1255 2466 1336 2485 vero
1349 2459 1434 2486 haec
1446 2464 1644 2493 sequuntur:
1659 2459 1873 2487 “Asimz'srno

224 2502 278 2529 fue
292 2504 509 2536 gobernador
524 2504 564 2530 de
581 2504 749 2532 Valencia
764 2505 828 2532 don
845 2505 1027 2532 Geronimo
1044 2506 1252 2540 Cavanilles,
1269 2506 1338 2540 hijo
1355 2507 1406 2533 del
1423 2506 1521 2534 dicho
1537 2507 1602 2533 don
1618 2506 1873 2541 Geronimo.„—

226 2549 341 2582 Forte.
358 2558 396 2577 eo
412 2552 500 2585 quod
515 2552 558 2579 ad
575 2553 644 2579 tale
668 2560 788 2580 munus
811 2553 1028 2587 primogeniti
1050 2561 1170 2585 regum
1191 2554 1301 2588 primo
1327 2558 1547 2588 vocarentur,
1568 2554 1697 2581 caeteri
1713 2555 1766 2589 qui
1784 2555 1875 2582 idem

224 2605 343 2625 munus
364 2600 525 2633 agebant,
549 2601 826 2634 vices-gerentes
851 2602 1021 2629 interdum
1045 2602 1278 2635 vocabantur,
1301 2603 1408 2629 veluti
1425 2603 1457 2629 in
1472 2603 1583 2629 locum
1607 2602 1772 2636 Principis
1796 2610 1873 2637 sup-

228 2646 343 2679 positi.

279 2692 292 2711 2
332 2693 564 2726 leeg-furatus
580 2696 616 2722 in
634 2696 774 2722 decima
788 2704 898 2723 manu
912 2696 1033 2723 littum
1050 2698 1087 2724 ἅ.
1105 2697 1230 2724 Sensus
1243 2698 1292 2725 ita
1307 2697 1442 2725 videtur
1455 2697 1576 2732 exponi
1589 2705 1697 2732 posse:
1714 2697 1876 2725 Relatum

225 2741 515 2774 (instrumentum)
532 2743 565 2770 in
580 2744 703 2771 librum
719 2749 876 2772 actorum
894 2745 1068 2777 tabularii,
1085 2746 1201 2772 decem
1223 2746 1369 2773 testibus
1387 2745 1515 2779 juratis
1535 2747 1876 2773 subscribentibus,—

226 2787 267 2814 In
282 2789 404 2821 tertia,
420 2792 563 2822 quarta,
578 2791 718 2818 decima
736 2792 986 2826 manujzcrare
1008 2792 1181 2827 significat
1204 2793 1294 2827 apud
1315 2793 1506 2827 scriptores
1528 2793 1628 2820 medii
1651 2793 1728 2820 aevi
1743 2794 1874 2828 J'urare

226 2835 336 2862 simul
359 2843 436 2862 cum
454 2837 586 2871 tribus,
601 2840 765 2871 quatuor,
789 2839 909 2866 decem
937 2839 1032 2866 aliis.
1044 2855 1061 2859 --
1073 2840 1210 2866 Litium
1227 2840 1315 2867 sorte
1340 2840 1477 2874 ponitur
1492 2847 1552 2874 pro
1574 2840 1721 2867 lttorum
1736 2847 1756 2867 a
1771 2840 1877 2879 litus,

228 2889 315 2916 quae
330 2889 399 2909 vox
414 2884 523 2911 medio
539 2892 626 2911 aevo
641 2885 860 2919 significabat
876 2887 1031 2916 colonus.
1045 2891 1078 2914 et
1094 2887 1255 2921 exprimit
1271 2891 1379 2914 testes
1393 2886 1497 2914 fuisse
1519 2888 1656 2914 colonos
1671 2887 1710 2915 D.
1733 2886 1874 2920 joannis

226 2929 266 2956 de
282 2929 399 2965 B01·ja;
416 2930 503 2958 sorte
520 2932 614 2959 venit
639 2940 658 2959 a
682 2932 807 2960 Lz'tare
829 2938 863 2961 et
885 2934 1116 2968 juramentum
1140 2933 1409 2962 enuntiat.-Sed
1425 2934 1514 2961 forte
1530 2941 1661 2961 manus
1676 2939 1727 2962 est
1750 2935 1816 2968 hic,
1836 2938 1873 2962 ut

225 2977 314 3004 alias
331 2978 363 3005 in
380 2978 519 3013 scriptis
534 2980 635 3007 medii
651 2981 742 3016 aevi,
757 2981 846 3008 idem
862 2989 901 3009 ac
918 2982 1207 3017 clzz'rograplzmn,
1219 2987 1252 3010 et
1266 2989 1384 3010 sensus
1397 2981 1463 3008 erit
1474 2989 1628 3016 sequens:
1644 2982 1875 3016 Registratus
