1969 3293
238 131 308 165 058
788 126 830 164 S.
861 128 1135 166 FRANclscus
1163 129 1338 167 BORGIA

237 226 531 267 decernimus
555 259 561 275 ,
606 225 862 265 districtius
901 225 1163 266 inhibentes
1205 231 1250 266 et
1289 226 1588 278 mandantes,
1632 227 1878 278 quibusvis

236 298 486 338 Cruciatae
521 296 746 347 Sanctae,
785 302 830 336 et
863 296 1070 336 fabricae
1107 296 1336 337 Basilicae
1372 296 1602 349 Principis
1629 297 1878 349 Apostolo-

234 380 337 409 rum
359 369 414 408 de
436 368 564 408 Vrbe
586 379 642 407 ac
663 368 863 407 aliorum
884 367 1067 419 piorum
1082 368 1293 408 locorum
1310 368 1656 419 quaestoribus,
1679 374 1722 408 et
1739 368 1878 421 depu-

234 441 365 489 tatis,
392 450 446 478 ac
469 439 825 487 commissariis,
856 444 900 478 et
931 438 1035 478 aliis
1063 439 1231 490 quavis
1262 439 1542 479 auctoritate
1572 439 1878 490 fungentibus

232 511 469 562 personis,
494 510 678 550 etiamsi
700 510 759 549 ad
780 510 989 561 ipsorum
1016 510 1247 550 bonorum
1274 510 1590 561 possessionis
1618 510 1876 561 apprehen-

233 580 378 621 sionis
418 579 426 599 ¹
463 581 887 632 apprehensionem
923 581 1176 620 deventum
1210 581 1371 631 fuerit,
1415 581 1500 621 sub
1540 581 1878 632 indignationis

231 659 444 703 nostrae,
470 658 515 691 et
537 651 1039 692 excommunicationis
1059 652 1184 691 latae
1207 652 1466 691 sententiae
1483 663 1663 703 poenae
1681 663 1736 692 eo
1754 653 1873 704 ipso,

230 724 267 763 si
289 730 453 764 contra
476 723 693 774 fecerint,
718 724 894 774 absque
918 723 1009 763 alia
1031 722 1350 763 declaratione
1371 723 1704 774 incurrendae,
1738 735 1795 763 ne
1827 725 1874 764 in

228 794 454 846 praefatis
475 795 610 834 bonis
632 805 715 834 seu
737 794 990 846 aliquibus,
1014 794 1181 845 quovis
1202 799 1474 844 praetextu,
1500 806 1582 834 seu
1604 795 1870 845 occasione,

227 867 303 906 vel
331 878 496 916 causa,
534 865 733 917 directe,
770 866 847 905 vel
887 865 1137 915 indirecte,
1176 865 1526 917 quomodolibet
1559 875 1609 905 se
1645 865 1871 906 intromit-

227 944 348 987 tere,
374 944 419 978 et
440 938 480 977 si
501 950 593 989 qua
615 937 841 988 habeant,
867 937 1018 977 eidem
1035 937 1230 990 Joanni,
1256 938 1331 976 vel
1352 936 1431 976 alii
1460 936 1750 976 nominando
1780 937 1872 976 filio

225 1009 460 1060 praefato,
493 1015 573 1049 aut
601 1009 724 1049 illius
757 1008 967 1059 legitimo
1001 1008 1301 1060 procuratori
1336 1008 1518 1059 integre
1558 1019 1664 1048 cum
1700 1007 1871 1048 effectu

224 1082 438 1121 relaxent
459 1086 504 1121 et
527 1081 829 1131 consignent,
863 1086 907 1120 et
934 1079 1140 1120 relaxari
1173 1085 1217 1119 et
1248 1079 1521 1131 consignari
1554 1079 1752 1129 faciant,
1784 1092 1870 1119 nec

224 1153 352 1192 illurn
392 1153 652 1193 molestent.
701 1151 937 1202 Quocirca
980 1151 1326 1191 venerabilibus
1360 1150 1584 1191 fratribus
1625 1150 1868 1202 Archiepi-

223 1235 367 1275 scopo
388 1224 626 1264 Valentin.
652 1230 696 1263 et
717 1223 953 1275 Episcopo
981 1222 1282 1274 Segobricen.
1314 1228 1359 1262 et
1385 1221 1744 1262 Albarrazinen.
1769 1222 1869 1262 sive

223 1307 385 1336 eorum
408 1296 454 1335 in
477 1295 796 1347 spiritualibus
820 1294 1026 1335 Vicariis
1055 1294 1355 1346 generalibus
1387 1305 1443 1334 ac
1473 1293 1640 1333 dilecto
1669 1292 1767 1333 filio
1796 1292 1870 1333 Ol-

221 1367 314 1418 pho
344 1368 357 1384 ²
385 1367 441 1407 de
468 1366 684 1417 Proxita,
714 1365 955 1406 Canonico
986 1365 1214 1406 ecclesiae
1248 1365 1415 1406 Valen.
1454 1376 1536 1416 per
1572 1369 1867 1416 praesentes,

221 1445 348 1478 motu
370 1444 414 1478 et
435 1438 633 1478 scientia
655 1437 991 1478 committimus
1014 1449 1068 1477 ac
1090 1437 1393 1486 mandamus,
1419 1442 1649 1488 quatenus
1667 1435 1774 1487 ipsi,
1794 1437 1871 1475 vel

220 1511 335 1561 duo,
365 1516 444 1549 aut
472 1521 592 1550 unus
619 1514 782 1549 eorum
810 1520 892 1560 per
923 1520 993 1560 se,
1026 1510 1101 1548 Vel
1133 1508 1297 1559 alium,
1332 1519 1415 1547 seu
1447 1507 1563 1548 alios
1591 1513 1868 1558 praesentes

220 1582 419 1632 litteras,
445 1588 488 1621 et
511 1581 558 1621 in
579 1581 646 1620 eis
668 1585 889 1620 contenta
911 1591 1239 1632 quaecunque,
1263 1579 1341 1619 ubi
1363 1585 1407 1619 et
1425 1578 1612 1630 quando
1630 1589 1750 1629 opus
1771 1576 1869 1617 fue-

217 1654 295 1701 rit,
321 1665 377 1692 ac
399 1653 582 1704 quoties
602 1664 688 1704 pro
709 1657 844 1703 parte
866 1658 970 1703 tua,
1003 1657 1048 1691 et
1076 1663 1158 1691 seu
1188 1651 1299 1691 dicti
1325 1650 1519 1704 Joannis
1547 1649 1763 1690 secundo
1791 1660 1867 1699 ge-

219 1725 302 1764 niti
343 1725 409 1764 tui
431 1757 438 1775 ,
484 1730 563 1764 aut
606 1722 804 1775 alicujus
837 1723 1039 1763 filiorum
1073 1729 1259 1762 tuorum
1300 1722 1649 1774 praedictorum
1687 1720 1867 1760 fuerint

218 1796 449 1847 requisiti,
474 1795 745 1836 solemniter
766 1795 1082 1847 publicantes,
1109 1805 1164 1834 ac
1185 1794 1342 1840 vobis.
1367 1794 1413 1833 in
1435 1792 1741 1845 praemissis,
1777 1791 1867 1831 effi-

219 1868 345 1908 cacis
361 1867 646 1908 defensionis
666 1866 903 1919 praesidio
927 1866 1222 1916 assistenteS,
1246 1865 1444 1916 faciant,
1476 1863 1758 1905 auctoritate
1785 1874 1864 1902 no-

218 1946 341 1989 stra,
364 1946 640 1991 praesentes
661 1937 877 1979 effectum
900 1937 1077 1988 sortiri,
1098 1949 1153 1977 ac
1169 1937 1501 1977 inviolabiliter
1520 1934 1787 1981 observari,
1811 1945 1866 1973 ac

219 2023 305 2051 vos
339 2011 516 2051 eisdem
549 2010 717 2050 litteris
749 2022 805 2049 ac
836 2010 882 2049 in
917 2009 985 2049 eis
1016 2009 1249 2049 contentis
1279 2008 1631 2060 quibuscunque
1666 2005 1867 2058 pacifice

217 2083 329 2133 frui,
355 2090 399 2122 et
419 2082 642 2134 gaudere.
671 2081 778 2122 Non
804 2081 1129 2133 permittentes
1154 2091 1242 2120 vos
1270 2080 1473 2131 desuper
1502 2091 1585 2130 per
1614 2091 1867 2130 quoscum-

217 2166 306 2205 que
342 2160 507 2194 contra
538 2153 858 2205 praesentium
892 2153 1049 2204 aliquo
1080 2151 1218 2191 modo
1247 2150 1507 2200 molestari,
1547 2156 1591 2190 et
1626 2151 1863 2202 impediri;

217 2225 591 2266 contradictores
613 2224 843 2276 quoslibet
864 2230 909 2264 et
926 2224 1123 2263 rebelles
1138 2234 1222 2275 per
1239 2222 1477 2263 Censuras
1494 2222 1862 2272 ecclesiasticas,

216 2304 261 2337 et
282 2297 422 2337 etiam
450 2297 749 2348 pecuniarias
776 2307 954 2347 poenas
984 2306 1148 2335 eorum
1178 2294 1372 2334 arbitrio
1401 2293 1709 2345 imponendas
1732 2326 1740 2344 ,
1770 2306 1864 2334 mo-

218 2369 452 2408 derandas
473 2374 518 2408 et
539 2367 867 2419 applicandas,
893 2378 947 2407 ac
965 2367 1058 2406 alia
1076 2364 1439 2418 oportunajuris
1456 2364 1662 2405 remedia
1683 2398 1690 2416 ,
1710 2366 1864 2417 appel-

217 2440 391 2479 latione
407 2440 682 2491 postposita,
703 2437 1060 2490 compescendo,
1083 2449 1138 2477 ac
1155 2437 1376 2488 legitimis
1394 2448 1535 2487 super
1552 2437 1609 2476 iis
1627 2437 1863 2477 habendis

217 2512 418 2550 servatis
439 2510 759 2562 processibuS,
784 2520 1030 2559 censuras,
1055 2515 1100 2548 et
1122 2520 1300 2560 poenas
1322 2508 1474 2559 ipsaS,
1507 2508 1648 2547 etiam
1681 2508 1864 2548 iteratis

216 2582 398 2622 vicibus
421 2582 754 2633 aggravando,
779 2587 823 2622 et
845 2581 1146 2621 interdictum
1169 2579 1541 2619 ecclesiasticum
1559 2578 1859 2630 apponendo,

215 2654 436 2693 invocato
461 2661 504 2693 et
527 2653 585 2693 ad
605 2654 716 2704 hoc,
741 2653 780 2692 si
816 2663 935 2703 opus
964 2651 1123 2702 fuerit,
1159 2651 1334 2691 auxilio
1365 2650 1548 2690 brachii
1581 2649 1859 2690 saecularis.

215 2724 319 2765 Non
340 2725 632 2764 obstantibus
652 2723 946 2776 praemissis,
972 2734 1026 2763 ac
1048 2722 1153 2774 piae
1175 2733 1270 2762 me:
1294 2720 1526 2762 Bonifacii
1551 2719 1642 2771 Viij
1666 2720 1722 2761 de
1746 2732 1858 2771 una,

267 2909 277 2928 ¹
319 2909 386 2936 Sic.

269 2959 282 2976 ²
320 2956 383 2990 Sic2
398 2957 533 2991 saepius
550 2961 661 2983 tamen
679 2961 711 2983 ct
728 2956 863 2989 rectius,
880 2960 915 2983 ut
932 2956 1078 2990 videtur,
1097 2954 1212 2990 Elplto
1229 2957 1283 2983 vel
1299 2955 1390 2992 Elso.
