1969 3293
243 142 314 177 748
790 139 832 177 S.
863 139 1136 178 FRAix’clsCUs
1164 140 1341 177 BoRGIA

242 237 367 288 quod
380 236 464 276 sub
481 235 981 276 excommunicationis
995 234 1185 287 majoris
1203 242 1247 276 et
1264 236 1464 276 duorum
1479 237 1602 277 mille
1621 238 1852 279 ducatori’i
1875 239 1883 257 ¹

246 314 291 347 ct
313 307 416 347 aliis
445 306 630 358 poenis,
669 318 752 346 suo
782 307 977 346 arbitrio
1006 306 1303 347 declarandis
1339 316 1382 348 et
1413 309 1727 360 applicandis,
1764 310 1884 350 infra

246 379 388 419 trium
411 378 591 418 dierum
613 378 816 430 spatium
837 379 1136 418 admitterent
1163 380 1466 420 melchiorem
1493 381 1772 431 vaquedano
1804 393 1882 421 no-

245 450 370 491 tariu
394 449 581 490 nomine
602 449 714 489 dicti
735 450 887 489 sancti
909 449 1067 501 officii,
1092 456 1136 490 et
1157 451 1222 490 illi
1242 451 1481 492 traderent
1502 451 1705 502 fructus,
1737 453 1886 493 reddi·

250 528 324 561 tus
343 528 387 561 et
406 526 663 572 prouentus
680 521 987 561 canonicatus
1004 527 1049 562 et
1065 522 1360 573 praebendae
1379 522 1530 562 dictae
1549 523 1776 564 ecclesiae
1792 525 1884 576 qui,

208 582 213 587 ⁵
246 604 332 644 per
355 593 483 632 obiti'i
513 592 854 632 bartholomaei
881 591 1134 643 Carceres,
1168 605 1290 633 anno
1318 594 1587 634 millessimo
1617 595 1887 646 quingente-

245 664 364 704 simo
388 663 686 714 sexagesimo
707 663 922 714 vacauit‚
948 670 993 703 et
1021 676 1137 715 quos
1166 665 1225 704 ad
1252 676 1478 716 praesens
1506 667 1794 706 reuerendus
1826 667 1889 706 di-

246 735 394 775 dacus
416 736 472 775 de
496 736 669 775 altares
690 735 888 786 posidet,
922 741 1062 787 provt
1090 735 1208 776 haec
1236 743 1279 776 et
1315 737 1406 776 alia
1435 737 1481 776 in
1513 737 1636 777 dicto
1667 737 1890 778 mandato

247 806 423 846 eisdem
445 806 625 846 decano
647 812 691 846 et
713 806 955 846 canonicis
976 807 1183 847 secunda
1205 807 1278 847 die
1308 807 1531 847 februarii
1558 809 1770 859 proxime
1800 809 1888 848 ela-

245 878 340 929 psi,
365 877 424 917 ad
446 877 719 917 instantiam
737 877 849 918 dicti
865 878 1133 918 melchioris
1150 878 1430 930 vaquedano
1449 879 1687 928 intimato,
1706 879 1890 931 publico

246 950 558 989 instrumento
578 954 767 1000 recepto
784 960 867 1000 per
884 948 1172 989 vincentium
1189 949 1419 1003 Joannem
1437 950 1670 991 Valcebre
1687 951 1888 1000 notaria,

246 1022 387 1062 latius
409 1021 723 1061 continentur.

330 1092 493 1144 Cumq.
520 1093 618 1144 ipse
640 1098 867 1144 tanquam
888 1093 984 1132 dux
1006 1092 1219 1133 Gandiae
1240 1093 1299 1134 sit
1328 1101 1555 1145 patronus
1583 1105 1725 1134 verus
1752 1099 1797 1134 et
1826 1094 1891 1134 in-

251 1165 491 1205 dubitatus
512 1165 796 1216 dignitatum
817 1170 861 1204 et
880 1165 1244 1205 canonicatuum
1262 1166 1415 1206 dictae
1431 1166 1659 1206 ecclesiae
1677 1166 1894 1216 collegia-

248 1242 352 1287 tae,
372 1236 603 1288 illorumq.
623 1235 709 1287 jux
729 1242 1009 1288 patronatus
1031 1236 1219 1287 laicale,
1245 1249 1271 1277 a
1293 1237 1536 1289 primaeua
1567 1238 1721 1278 dictae
1749 1238 1892 1277 eccle-

251 1308 349 1348 siae
370 1308 629 1359 erectione,
654 1307 741 1348 sibi
765 1314 810 1348 et
831 1308 1027 1348 ducibus
1046 1308 1260 1349 Gandiae
1282 1309 1550 1361 praeteritis
1568 1316 1610 1350 et
1631 1309 1816 1360 futuris,
1836 1321 1894 1349 ex

251 1378 527 1419 fundatione
548 1385 592 1419 et
614 1379 855 1419 dotatione
877 1380 1117 1431 competiit
1138 1386 1182 1420 et
1205 1381 1428 1432 competit
1444 1380 1480 1431 ²,
1500 1387 1544 1421 et
1562 1388 1612 1421 vt
1630 1382 1747 1421 tales
1762 1380 1895 1420 breui

257 1457 302 1491 et
328 1451 485 1503 gratia
513 1451 790 1502 apostolica,
823 1451 879 1491 de
901 1463 992 1503 qua
1020 1451 1067 1492 in
1089 1451 1213 1492 dicto
1242 1452 1466 1492 mandato
1494 1452 1543 1492 fit
1570 1453 1768 1502 mentio,
1800 1464 1893 1492 non

252 1522 736 1574 comprehendantur,
775 1534 880 1574 neq.
912 1534 1122 1581 vnquam
1151 1524 1478 1575 comprehensi
1504 1523 1704 1563 fuerunt.
1738 1524 1796 1564 Et
1827 1523 1893 1563 sic

251 1594 535 1634 succedente
557 1593 671 1634 dicti
691 1593 1000 1634 canonicatus
1022 1599 1066 1634 et
1086 1594 1384 1646 praebendae
1411 1595 1661 1635 vacatione
1692 1606 1774 1646 per
1802 1594 1892 1634 obi-

251 1671 350 1705 tum
379 1665 494 1706 dicti
520 1665 864 1706 bartholomaei
892 1665 1144 1716 Carceres,
1174 1666 1274 1717 ipse
1295 1665 1390 1706 dux
1411 1665 1645 1717 Gandiae,
1670 1673 1894 1718 tanquam

254 1742 483 1788 patronus
503 1748 646 1777 verus
667 1743 712 1777 et
734 1737 1025 1777 indubitatus
1048 1737 1161 1778 dicti
1183 1738 1491 1778 canonicatus
1512 1744 1556 1778 et
1581 1737 1893 1790 praebendae,

254 1809 311 1849 ad
334 1809 464 1849 illum
485 1808 790 1849 obtinendum
807 1809 1129 1860 praesentauit
1146 1809 1201 1849 de
1219 1821 1377 1850 mense
1396 1810 1655 1850 decembris
1673 1809 1784 1850 anni
1800 1809 1895 1850 mil-

250 1880 403 1920 lesimi
424 1880 787 1932 quingentesimi
810 1879 1117 1931 sexagesimi,
1143 1880 1318 1921 dictum
1339 1881 1652 1921 reverendum
1679 1881 1897 1921 didacum

255 1953 430 1992 altares
450 1963 613 1992 coram
635 1952 773 1992 dictis
794 1952 1068 1992 reuerendis
1090 1952 1269 1993 decano
1292 1953 1534 1993 canonicis
1551 1960 1595 1993 et
1611 1953 1815 2004 capitulo
1833 1952 1895 1992 di-

250 2030 358 2064 ctae
380 2024 609 2064 ecclesiae
626 2023 843 2074 gandiae.
865 2022 978 2075 Qui,
998 2030 1224 2076 tanquam
1241 2023 1467 2064 ordinarii
1485 2025 1749 2073 collatores,
1769 2029 1896 2064 auto-

256 2095 396 2136 ritate
426 2095 687 2147 apostolica
717 2095 784 2135 eis
811 2106 1061 2144 concessa,
1091 2095 1240 2136 eidem
1275 2096 1331 2136 de
1366 2096 1501 2136 dictis
1540 2095 1822 2136 canonicatu
1853 2100 1897 2135 et

256 2167 524 2218 praebenda
548 2167 615 2207 sic
635 2167 918 2207 vacantibus
940 2167 1272 2218 providerunt,
1295 2168 1687 2219 possessionemq.
1717 2178 1896 2207 eorum-

253 2238 361 2278 dem
381 2238 576 2290 pacifice
597 2244 641 2278 et
664 2239 817 2290 quiete
838 2238 903 2278 illi
924 2239 1239 2287 tradiderunt,
1263 2244 1306 2279 et
1328 2239 1375 2279 in
1393 2251 1554 2279 eorum
1571 2238 1768 2291 pacifica
1794 2249 1897 2290 pos·

258 2310 468 2351 sessione
490 2309 642 2350 dictus
665 2310 862 2350 didacus
884 2309 940 2350 de
963 2310 1137 2351 altares
1158 2322 1242 2362 per
1263 2322 1348 2350 sex
1369 2322 1518 2350 annos
1539 2316 1583 2350 et
1604 2312 1727 2350 vltra
1756 2309 1897 2350 conti-

258 2392 378 2420 nuos
400 2381 541 2421 stetit.

341 2452 397 2492 Et
420 2465 477 2492 ne
499 2453 773 2493 mandatum
805 2452 1093 2504 hujusmodi,
1125 2453 1269 2505 quod,
1300 2459 1351 2493 vt
1382 2453 1514 2493 decet
1546 2452 1799 2505 loquendo,
1830 2458 1900 2492 est

258 2525 436 2564 nullum
459 2530 502 2564 et
520 2523 623 2575 jure
644 2536 736 2564 non
757 2524 991 2576 procedit,
1015 2536 1120 2576 neq.
1144 2524 1190 2564 in
1213 2536 1267 2564 eo
1291 2531 1530 2574 contenta,
1554 2530 1597 2564 et
1618 2523 1718 2575 ejus
1733 2524 1899 2575 vigore

256 2595 406 2647 facta,
430 2602 473 2635 et
496 2607 615 2647 quae
635 2595 735 2635 fieri
757 2596 1020 2647 continget,
1046 2595 1133 2636 sibi
1152 2595 1291 2648 Juriq.
1312 2601 1590 2647 patronatus
1608 2595 1837 2646 praedicti
1855 2601 1899 2635 et

259 2665 359 2718 ejus
392 2666 748 2707 successoribus
778 2679 948 2707 nocere
976 2678 1069 2707 non
1099 2666 1303 2718 possint,
1334 2672 1558 2718 tanquam
1589 2666 1644 2706 de
1675 2665 1898 2707 mandato

256 2738 405 2787 nullo,
430 2737 704 2788 granatorio
727 2744 770 2778 et
793 2738 881 2778 sibi
901 2737 1247 2790 praejudiciali,
1272 2744 1316 2778 et
1338 2737 1394 2778 de
1416 2737 1629 2778 omnibus
1649 2737 1696 2777 in
1713 2749 1768 2777 eo
1791 2749 1900 2778 con-

314 2922 325 2942 ¹
366 2921 452 2949 Vide
468 2929 547 2956 pag.
561 2922 624 2957 688,
640 2927 744 2951 annot
760 2924 776 2950 4
791 2927 825 2951 et
841 2931 919 2958 pag.
933 2924 998 2955 693,
1016 2927 1132 2950 annot.
1147 2923 1174 2950 4.

366 2969 425 3002 Jus
439 2969 594 2998 Gandiae
609 2971 732 2998 ducum
746 2976 881 2999 constat
897 2979 936 2998 ex
954 2972 1047 2999 bulla
1063 2971 1252 2999 Alexandri
1269 2971 1317 2998 Vl
1332 2977 1434 3005 quam
1449 2970 1539 2998 infra
1553 2970 1696 2998 edimus.
