1969 3293
231 149 305 186 614
800 149 844 187 S.
878 149 1114 187 FRANcisC1
1141 149 1314 187 BORGIA

316 245 544 297 Scienter,
569 252 656 286 etc.
687 258 770 298 per
794 258 903 297 nOS,
930 253 1017 287 etc.
1047 247 1241 287 thenore
1268 248 1548 300 praesentis,
1578 254 1664 288 etc.
1694 248 1884 297 damus„

233 317 444 357 cedimus
467 322 513 356 et
536 318 900 369 consignamus,
925 325 1012 358 etc.
1037 318 1173 358 vobis
1194 318 1330 358 dictis
1357 317 1646 358 Reverendis
1666 318 1874 369 Decano,

234 387 491 428 Canonicis
513 393 557 428 et
582 387 799 440 Capitulo
824 389 976 429 dictae
998 390 1275 441 collegiatae
1297 390 1524 429 ecclesiae
1548 389 1656 429 licet
1676 390 1876 430 absenti-

233 459 372 509 tibus,
397 459 583 499 notario
608 465 767 500 tamen
790 466 878 500 etc.
902 460 1154 512 stipulante
1182 472 1286 500 cum
1314 459 1590 501 Reverendo
1611 460 1749 501 Petro
1769 460 1876 501 Fer-

232 541 309 569 rer
345 529 500 570 dictae
538 530 769 571 ecclesiae
808 531 1052 582 canonico,
1085 531 1265 571 sindico
1293 538 1337 572 et
1363 537 1670 583 procuratore
1699 538 1876 582 vest-ro,

233 611 318 651 pro
342 601 478 640 vobis
503 607 782 653 acceptante
806 608 850 642 et
871 604 1044 642 vestris
1065 609 1223 642 vestra
1243 601 1372 654 jura,
1396 604 1520 653 loca,
1544 614 1710 654 resque
1731 603 1875 653 vices,

234 683 377 711 voces
400 678 488 712 etc.
523 673 656 712 nobis
683 678 733 712 ut
761 672 965 713 Domino
996 673 1148 713 dictae
1174 674 1314 714 villae
1344 674 1399 714 de
1431 673 1620 714 Albalat
1646 674 1878 725 pertinen—

233 749 304 782 tes
326 749 416 783 etc.
454 744 685 784 adversus
712 755 795 784 seu
822 750 984 785 contra
1013 745 1265 798 Justitiam,
1297 744 1488 797 Juratos
1514 752 1558 785 et
1590 745 1878 795 Universita-

234 819 330 854 tem
360 814 513 855 dictae
550 822 742 855 nostrae
770 816 912 856 villae
940 817 996 856 de
1025 816 1235 865 Albalat,
1267 816 1543 868 illorumque
1569 816 1693 856 bona
1714 822 1759 856 et
1774 815 1879 867 jura

235 885 293 925 ad
317 887 617 927 exactionem
639 887 955 939 quadraginta
983 899 1065 927 sex
1092 888 1319 928 librarum
1345 894 1389 928 et
1416 899 1536 928 unus
1564 887 1701 927 solidi
1727 887 1881 928 dictae

234 963 453 998 monetae
476 958 532 998 de
554 964 598 998 et
622 970 680 998 ex
705 958 795 998 illis
816 958 1158 1011 quinquaginta
1174 970 1267 999 una
1288 959 1418 998 libris
1438 965 1482 999 et
1499 965 1698 1010 quatuor
1719 959 1882 999 solidis

238 1027 449 1079 ejusdem
474 1035 714 1078 monetae,
738 1042 906 1082 parum
927 1030 1030 1082 plus
1051 1031 1126 1070 vel
1148 1031 1321 1082 minus,
1353 1042 1469 1082 quas
1488 1030 1717 1082 praedicti
1742 1030 1878 1084 Justi—

234 1100 316 1152 tia,
347 1101 501 1154 Jurati
532 1109 576 1141 et
601 1101 901 1142 Universitas
924 1101 1020 1153 J'am
1048 1102 1200 1142 dictae
1231 1109 1422 1142 nostrae
1443 1102 1583 1141 villae
1614 1102 1670 1141 de
1692 1101 1880 1142 Albalat

231 1172 381 1223 nobis,
404 1177 455 1212 ut
475 1172 678 1213 Domino
696 1173 849 1213 dictae
869 1173 1024 1223 villae,
1047 1173 1225 1214 faciunt
1247 1179 1292 1214 et
1312 1173 1610 1224 respondent,
1633 1173 1883 1223 facereque

235 1250 279 1283 et
297 1243 584 1295 respondere
607 1250 839 1294 tenentur,
860 1256 982 1284 anno
1000 1244 1218 1296 quolibet,
1238 1245 1285 1284 in
1301 1244 1572 1284 Nativitatis
1589 1244 1777 1284 Domini
1791 1243 1878 1284 No-

232 1315 318 1355 stri
340 1315 623 1367 Jesuchristi
646 1322 688 1355 et
710 1315 843 1356 Beati
863 1316 1058 1369 Joannis
1080 1316 1254 1356 mensis
1274 1316 1400 1370 Junii
1419 1316 1768 1366 festivitatibus,
1792 1327 1879 1367 pro

230 1387 386 1438 peytis
409 1387 464 1427 de
488 1385 768 1438 Segayrent,
791 1393 928 1439 prout
949 1387 997 1427 in
1016 1387 1146 1427 libris
1168 1387 1403 1427 rationum
1425 1399 1557 1427 meae
1579 1387 1880 1427 contadoriae

230 1464 276 1497 et
301 1458 547 1509 signanter
568 1458 615 1498 in
636 1458 754 1498 libro
775 1457 1042 1499 reddituum
1058 1465 1327 1499 nostrorum
1344 1458 1582 1498 extensius
1603 1458 1881 1498 describitur

232 1535 276 1569 et
313 1530 599 1580 continetur,
631 1529 897 1581 incipiendo
926 1529 1077 1581 recipe
1104 1541 1188 1581 pro
1210 1529 1374 1581 primis
1403 1529 1711 1569 solutionibus
1739 1541 1797 1569 ex
1825 1540 1884 1569 eo

232 1601 358 1653 quod
375 1600 472 1653 jam
494 1600 767 1652 incoepistis
789 1601 913 1641 dicta
932 1601 1022 1641 duo
1040 1601 1262 1641 annualia
1279 1601 1517 1642 celebrare
1535 1601 1636 1641 sive
1654 1601 1880 1641 celebrari

231 1672 388 1713 facere
411 1672 623 1724 aliasque
646 1684 721 1712 res
747 1673 852 1724 pias
879 1672 1148 1725 adimplere,
1169 1671 1304 1724 juxta
1324 1673 1593 1724 praedictae
1620 1672 1879 1713 Illustrissi-

230 1756 335 1784 mae
356 1744 593 1784 consortis
615 1750 806 1784 nostrae
829 1744 1200 1796 dispositionem,
1224 1744 1270 1784 in
1288 1756 1410 1784 anno
1428 1744 1704 1796 praeterito,
1730 1743 1877 1784 consi-

230 1816 366 1856 miles
387 1815 707 1867 quadraginta
729 1827 813 1856 sex
843 1816 986 1856 libras
1015 1822 1059 1857 et
1087 1827 1230 1856 unum
1257 1816 1456 1856 solidum
1483 1815 1636 1856 dictae
1657 1821 1876 1856 monetae

232 1887 367 1927 nobis
396 1899 455 1927 ex
490 1887 629 1927 dictis
662 1888 817 1939 peytis
852 1887 1032 1928 debitas
1062 1886 1119 1928 de
1153 1888 1462 1928 solutionibus
1490 1887 1716 1927 festorum
1744 1887 1877 1927 Beati

234 1959 431 2012 Joannis
462 1958 638 1998 mensis
664 1958 790 2012 Junii
818 1965 862 1999 et
897 1958 1170 1999 Nativitatis
1196 1959 1383 2000 Domini
1413 1958 1573 1999 Nostri
1599 1958 1878 2012 Jesuchristi

233 2030 450 2082 proxime
466 2030 845 2082 praeteritorum.
865 2030 923 2071 Et
939 2036 1102 2083 postea
1120 2031 1236 2070 alias
1254 2031 1510 2071 solutiones
1526 2031 1572 2070 in
1588 2030 1720 2070 Beati
1740 2029 1877 2082 Joan—

232 2102 305 2142 nis
327 2102 503 2142 mensis
523 2102 649 2155 Junii
679 2107 724 2142 et
753 2101 1029 2143 Nativitatis
1057 2102 1247 2142 Domini
1275 2102 1433 2143 Nostri
1459 2101 1736 2156 Jesuchristi
1762 2101 1877 2141 nati-

235 2173 437 2214 vitatum
460 2173 797 2213 festivitatibus
818 2173 969 2225 primo
992 2174 1204 2214 venturis
1235 2174 1436 2225 annique
1462 2173 1725 2225 praesentis
1750 2179 1794 2212 et
1814 2173 1876 2213 in-

237 2244 492 2297 frascripti,
530 2251 575 2285 et
607 2245 674 2285 sic
703 2245 893 2295 deinde,
923 2251 1011 2286 etc.
1043 2245 1178 2285 annis
1207 2245 1405 2296 singulis
1438 2250 1482 2285 et
1510 2251 1758 2296 perpetuo,
1787 2250 1874 2284 etc.

233 2317 336 2357 Hoc
359 2329 466 2358 cum
493 2316 676 2368 adjecto
698 2323 741 2357 et
763 2317 809 2357 in
831 2324 971 2369 pactu
993 2317 1193 2357 deducto
1223 2316 1347 2369 quod
1373 2317 1432 2357 sit
1457 2317 1504 2356 in
1533 2316 1720 2368 optione
1742 2321 1786 2356 et
1812 2315 1877 2356 sa—

237 2390 411 2429 cultate
442 2389 620 2429 vestris
646 2389 713 2429 uti
736 2389 919 2441 juribus
953 2389 1215 2440 praesentis
1237 2388 1463 2429 cessionis
1491 2394 1535 2428 et
1562 2387 1876 2439 consignatio-

233 2460 321 2509 nis,
346 2466 426 2500 aut
444 2460 629 2512 J'uribus
652 2472 772 2512 quae
790 2460 927 2500 vobis
946 2466 995 2500 ut
1017 2460 1318 2500 cessionariis
1336 2459 1590 2512 praedictis
1605 2458 1702 2510 jam
1725 2458 1878 2499 dictae

233 2531 432 2572 Illustris
462 2532 698 2572 Dominae
725 2532 939 2586 Joannae
968 2531 1023 2572 de
1053 2531 1267 2572 Meneses
1294 2537 1563 2582 competunt
1592 2536 1635 2570 et
1665 2536 1878 2582 spectant

233 2603 411 2643 virtute
433 2603 696 2654 supradicti
719 2604 952 2644 censualis
973 2603 1270 2644 instrumenti
1291 2603 1458 2655 quibus
1474 2601 1675 2653 juribus,
1700 2608 1788 2641 etc.
1811 2602 1875 2641 in·

234 2674 504 2725 stituentes‚
537 2681 625 2715 etc.
660 2675 951 2725 intimantes,
981 2681 1070 2715 etc.
1107 2680 1245 2726 prout
1275 2674 1461 2724 melius,
1494 2678 1581 2713 etc.
1610 2672 1879 2724 promitten-

233 2752 320 2796 tes,
345 2751 434 2785 etc.

315 2816 374 2857 Et
404 2822 618 2858 tenemur
647 2829 702 2858 ac
732 2818 882 2858 teneri
907 2818 1126 2858 volumus
1152 2817 1288 2858 vobis
1320 2822 1365 2857 et
1391 2816 1562 2856 vestris
1590 2815 1646 2855 de
1673 2814 1806 2854 firma
1834 2820 1877 2855 et

233 2888 377 2939 legali
413 2888 646 2928 evictione
692 2888 960 2940 hujusmodi
994 2888 1220 2929 cessionis
1254 2893 1299 2928 et
1337 2885 1707 2938 consignationis
1743 2891 1787 2925 et
1821 2884 1878 2926 de

235 2959 455 2999 omnibus
479 2959 662 3010 damus,
687 2965 773 2999 etc.
798 2959 957 3010 Itaque
980 2960 1020 3000 si
1040 2960 1180 3009 forte,
1205 2964 1293 3000 etc.
1317 2958 1396 2999 fiat
1419 2957 1590 2998 evictio
1611 2957 1763 3008 large,
1787 2962 1877 2997 etc„

1965 241 1969 275 i
