1969 3293
728 112 845 149 ALlA
872 124 1132 150 DOCUMENTA
1678 116 1750 153 753

116 208 309 247 summis
330 208 469 247 hmoi.
500 207 719 248 Decanus
742 216 855 256 tres,
881 217 923 249 et
946 209 1120 250 Cantor
1143 223 1285 250 vnam
1308 223 1412 250 cum
1443 212 1630 251 dimidia
1651 245 1657 259 ,
1692 225 1746 251 ac

115 278 304 329 quilibet
327 290 385 318 ex
407 278 542 318 dictis
564 278 814 319 Canonicis
837 292 979 320 vnam
1001 289 1044 320 et
1068 281 1158 320 duo
1179 281 1359 321 Vicarii
1376 282 1545 333 aliam,
1562 295 1616 322 ac
1634 295 1746 333 qua-

115 355 218 388 tuor
241 349 465 389 Chorales
485 349 561 401 pfl
585 350 747 400 aliam,
771 352 1036 401 prebendas
1058 364 1139 392 seu
1160 353 1399 403 portiones
1419 354 1606 404 percipe
1639 354 1645 372 ¹

864 423 992 462 horis
1013 422 1263 463 Canonicis
1285 430 1329 462 et
1346 423 1449 463 aliis
1465 423 1636 464 divinis
1653 425 1742 464 offi-

115 491 199 531 ciis
219 491 483 531 huiusmodi
499 492 831 532 interessentes
849 499 1030 534 tantum
1048 494 1425 543 distribueretur,
1445 500 1490 534 et
1510 495 1661 546 portio
1684 502 1743 535 no

115 562 436 612 residentium,
463 563 565 603 aliis
587 563 896 604 residentibus
918 571 962 604 et
993 565 1170 613 missis,
1202 566 1330 605 horis
1359 578 1414 605 ac
1444 566 1546 605 aliis
1574 566 1743 606 diuinis

114 632 275 673 officiis
297 633 438 673 hmoi.
467 633 879 683 interessentibus,
912 636 1173 686 respectiue
1203 636 1458 676 secundum
1493 636 1743 677 ordinatio-

113 715 218 743 nem
240 707 361 754 ptam
380 712 685 745 accresceret.
706 705 776 746 Ac
791 705 866 756 jus
883 713 1160 757 patronatus
1179 707 1387 757 pntandi.
1408 719 1634 758 personas
1650 709 1742 748 ido-

113 786 224 815 neas
253 775 312 815 ad
334 766 645 826 Decanatum,
676 776 950 817 Cantoriam
978 789 1033 817 30
1063 777 1381 817 Canonicatus
1410 786 1453 818 et
1483 779 1744 829 prebendas

111 845 251 885 hmoi.
275 852 370 886 tam
392 846 480 886 hac
502 847 652 897 prima
674 847 776 887 vice
798 859 939 897 quam
959 847 1174 898 quotiens
1196 847 1209 866 ‘²
1231 848 1336 887 illos
1365 848 1420 888 de
1442 855 1620 900 cetero,
1644 861 1745 901 per-

112 917 263 967 petuis
302 917 471 957 futuris
504 919 812 969 temporibus,
854 930 1029 958 vacare
1071 919 1386 969 contingeret,
1429 920 1614 960 Dilecto
1652 921 1746 961 filio

110 988 280 1041 Joanni
301 988 439 1028 etiam
460 989 516 1029 de
548 989 745 1040 Borgia,
776 989 943 1029 infanti
972 989 1195 1030 moderno
1226 988 1261 1040 ⁵,
1293 991 1515 1041 quamdiu
1546 992 1741 1039 viueret,

111 1059 255 1111 eiusq.
286 1059 565 1099 haeredibus
595 1065 640 1099 et
660 1060 1010 1100 successoribus
1032 1059 1243 1100 Gandiae
1265 1060 1495 1112 Ducibus,
1518 1074 1603 1113 pro
1634 1070 1745 1103 tem-

110 1142 223 1182 pore
258 1131 585 1181 existentibus,
621 1131 893 1171 instituendi
920 1143 1034 1171 vero
1067 1132 1125 1171 ad
1160 1131 1455 1172 Decanatum
1489 1133 1742 1184 Archiepo.

111 1202 372 1252 Valentin.,
404 1213 458 1241 ac
491 1202 549 1242 ad
581 1201 872 1252 Cantoriam,
904 1213 1087 1242 necnon
1122 1202 1439 1242 Canonicatus
1473 1209 1518 1243 et
1552 1205 1740 1255 preben.

110 1284 337 1324 personas
363 1285 448 1325 pro
475 1278 684 1324 tempore
711 1279 913 1324 pntatas.
943 1272 1136 1312 Decano
1163 1284 1248 1324 pro
1270 1278 1479 1325 tempore
1509 1275 1743 1315 existenti-

110 1344 194 1384 bus
216 1352 260 1384 et
283 1344 442 1395 Caplo.
466 1343 561 1395 p.t¹'S
583 1344 922 1384 concederetur
943 1349 987 1383 et
1008 1344 1350 1394 assignaretur,
1383 1345 1493 1396 ipiq.
1523 1344 1746 1386 Decanus

110 1421 154 1455 et
175 1414 460 1466 Capitulum,
485 1415 724 1465 Chorales‚
749 1426 804 1454 ac
827 1414 1048 1454 Decanus
1079 1416 1222 1464 solus,
1254 1415 1475 1455 Vicarios
1504 1419 1621 1467 p.t0⁵,
1659 1428 1744 1467 pro

108 1492 224 1527 nutu
245 1498 349 1537 suo,
375 1487 600 1538 deputare
622 1492 666 1526 et
688 1498 909 1526 amouere
930 1492 1146 1536 possent,
1170 1498 1228 1526 ex
1249 1487 1339 1526 hoc
1356 1487 1567 1537 profecto
1586 1488 1746 1528 decori

109 1564 153 1598 et
174 1557 409 1597 venustati
430 1558 582 1598 dictae
604 1558 830 1598 ecclesiae
855 1558 1020 1597 beatae
1042 1557 1220 1598 Mariae
1242 1570 1297 1598 ac
1325 1558 1567 1601 Dilectoru
1597 1560 1742 1600 filioru

108 1629 321 1669 incolaru
341 1629 477 1680 ipius.
501 1636 655 1669 terrae
674 1628 901 1675 Gandiae‚
924 1628 1184 1680 aiiimaruq.
1204 1629 1342 1669 saluti
1360 1641 1414 1669 30
1432 1631 1575 1670 diuini
1594 1632 1746 1671 cultus

114 1700 226 1740 inibi
252 1701 541 1740 incremento
569 1712 662 1740 non
693 1711 858 1751 parum
876 1701 1219 1750 consuleretur,
1249 1712 1430 1741 necnon
1452 1701 1630 1742 Mariae
1651 1702 1742 1742 Du-

111 1771 262 1811 cissae
283 1778 327 1811 et
347 1771 541 1824 Joannis
562 1771 773 1811 moderni
788 1770 933 1810 Ducis
950 1774 1080 1821 p.10ss¹
1104 1771 1149 1810 id
1166 1783 1346 1811 summo
1362 1783 1501 1822 opere
1522 1779 1744 1824 exoptan-

110 1843 364 1882 tium'votis
384 1843 586 1894 plurimu
598 1841 914 1882 satisfaceret.

190 1913 285 1954 Nos
307 1913 449 1964 igitur
470 1914 548 1965 qui
569 1913 824 1954 ecclesiaru
847 1914 987 1953 oium.
1013 1913 1229 1954 decorem
1258 1920 1302 1953 et
1332 1920 1651 1967 venustatem,
1682 1917 1744 1956 di-

110 1985 254 2036 uiniq.
296 1985 446 2025 cultus
476 1991 779 2035 augmentum
810 1997 865 2025 ac
909 1986 1057 2026 aiaru.
1097 1987 1319 2033 5311110111,
1355 1986 1466 2026 11115.
1504 1987 1746 2037 potissime

109 2056 419 2107 temporibUS‚
445 2056 675 2107 supremis
695 2057 1017 2097 desideramus
1038 2056 1279 2096 affectibus
1297 2089 1304 2106 ,
1324 2057 1380 2096 de
1397 2058 1637 2108 premissis
1654 2060 1745 2109 ple—

110 2127 215 2167 nius
231 2127 490 2177 informati,
511 2139 565 2167 ac
582 2139 746 2167 verum
764 2128 954 2167 vltimae
972 2127 1123 2167 dictae
1141 2128 1365 2167 ecclesiae
1382 2128 1547 2168 beatae
1564 2128 1746 2169 Mariae

113 2198 376 2238 vacationis
399 2198 610 2249 modum,
640 2198 823 2238 etiamsi
855 2211 913 2238 ex
944 2199 1032 2238 illis
1060 2199 1252 2249 quaeuis
1282 2198 1450 2248 gnalis.
1482 2200 1744 2240 reseruatio

111 2269 251 2309 etiam
278 2270 324 2309 in
355 2281 551 2321 corpore
578 2268 695 2320 juris
726 2271 798 2310 013
829 2270 1022 2309 resultet
1050 2269 1275 2320 pntibus.‚
1309 2281 1392 2320 pro
1415 2281 1642 2320 expresso
1665 2271 1744 2311 ha-

111 2341 294 2390 bentes,
319 2340 448 2380 Motu
469 2341 681 2392 proprio,
705 2352 797 2380 non
819 2328 877 2380 ad
906 2340 1102 2380 alicuius
1123 2340 1258 2379 nobis
1287 2352 1425 2391 super
1447 2341 1537 2380 hoc
1559 2341 1748 2381 oblatae

111 2413 348 2464 petitionis
369 2413 662 2461 instantiam,
687 2412 769 2452 sed
792 2412 847 2452 de
868 2424 969 2452 nra.
994 2423 1122 2452 mera
1150 2412 1426 2452 liberalitate
1455 2419 1499 2452 et
1529 2425 1586 2452 ex
1616 2419 1745 2453 certa

112 2484 328 2534 scientia,
353 2484 412 2523 ad
433 2483 658 2524 honorem
680 2484 1010 2535 omnipotentis
1037 2483 1146 2533 Dei,
1178 2484 1345 2534 ipiusq.
1375 2484 1540 2524 beatae
1567 2484 1748 2524 Mariae

112 2555 326 2605 VirginIs
347 2555 446 2594 eius
465 2554 728 2604 genitricis,
757 2555 948 2605 totiusq.
982 2554 1151 2594 Curiae
1182 2554 1366 2593 celestis
1396 2554 1744 2606 triumphantis,

113 2625 336 2666 Eccliam.
359 2628 481 2677 pstam
507 2625 672 2665 beatae
694 2625 893 2674 Mariae,
924 2625 1090 2676 quouis
1111 2625 1272 2675 modO,
1298 2632 1342 2665 et
1364 2636 1421 2664 ex
1452 2625 1744 2676 cuiuscumq.

113 2708 338 2748 persona,
376 2708 457 2736 seu
493 2696 688 2736 liberam
716 2696 1086 2746 resignationem
1117 2695 1314 2735 alicuius
1340 2695 1396 2735 de
1423 2696 1501 2735 illa
1531 2696 1578 2735 in
1606 2695 1744 2736 Rom.

170 2831 179 2851 ¹
219 2832 346 2867 Aliqua
363 2834 468 2860 verba
483 2832 537 2860 hic
553 2832 801 2860 desiderantur:
817 2833 910 2860 Idem
925 2832 1078 2866 intellige
1094 2839 1168 2859 cum
1183 2831 1291 2858 simile
1307 2832 1455 2866 spatium
1470 2832 1635 2866 reperias.

168 2880 182 2899 2
220 2884 290 2908 tam
305 2881 369 2908 hac
385 2880 494 2915 prima
510 2879 585 2907 vice
601 2887 701 2914 quam
715 2880 859 2914 quoties.

168 2927 182 2946 5
221 2927 308 2955 Vide
323 2936 401 2962 pag.
416 2928 476 2955 135.

1462 2986 1508 3030 48
