1969 3293
689 121 806 158 ALIA
834 130 1096 156 DOCUMENTA
1640 115 1710 153 697

75 219 342 272 quindecim
363 229 611 266 annorum,
637 229 691 256 ac
720 217 863 256 etiam
885 215 1116 255 decimum
1144 224 1319 253 nonum
1347 212 1616 263 attingat153
1647 211 1707 252 id-

79 291 204 331 circo
226 301 310 341 pro
332 287 506 344 maj0re
530 289 718 337 robore,
743 287 961 326 firmitate
983 298 1039 325 ac
1069 284 1361 336 paccamenti
1393 290 1437 323 et
1464 283 1710 323 solutionis

77 361 368 413 praedictae,
393 371 476 411 per
497 370 582 398 nos
603 358 736 398 vobis
758 358 1000 397 faciendae
1023 362 1066 396 et
1088 355 1344 395 firmandae
1360 388 1367 404 ,
1386 354 1643 403 validitate,
1664 360 1709 393 et

75 432 216 472 etiam
238 443 322 483 pro
344 429 509 481 majori
537 429 805 479 validitate,
841 429 1179 479 complemento
1212 433 1254 465 et
1285 426 1501 465 firmitate
1533 436 1710 476 apocae

78 515 133 543 ac
156 501 427 542 difinitionis
448 512 529 552 per
551 512 659 547 vos,
685 499 809 539 dicto
833 498 1116 538 hereditario
1139 497 1345 545 nomine,
1377 496 1511 535 nobis
1539 495 1709 535 facien-

77 573 163 613 dae
185 580 229 612 et
249 571 527 621 firmandae,
547 570 601 610 de
619 571 860 622 praedicta
880 569 1107 608 solutione
1126 568 1266 608 totius
1284 567 1404 607 dotis
1416 566 1511 617 jam
1542 566 1708 616 dictae,

77 644 162 684 fuit
182 655 263 694 per
286 642 461 682 dictum
483 648 525 681 et
548 641 898 691 infrascriptum
920 640 1151 693 Joannem
1181 638 1355 678 Garcia
1385 637 1638 686 notarium,
1662 642 1712 676 ut

78 721 431 766 procuratorem
446 719 670 762 nostrum,
688 712 760 751 die
781 711 942 762 quinto
963 710 1143 750 decimo
1162 708 1570 759 infrascriptorum
1588 719 1712 747 men-

78 785 141 825 sis
163 791 205 824 et
227 784 357 833 anni,
382 795 541 823 coram
565 782 807 834 spectabili
835 788 1028 832 gerente
1058 780 1187 819 vices
1218 779 1453 830 generalis
1482 779 1711 828 guberna-

79 856 194 896 toris
221 855 227 873 ¹
253 855 299 894 in
320 854 525 905 presenti
545 864 692 911 regno
715 853 984 902 Valentiae,
1009 852 1239 902 quaedam
1260 849 1575 901 requisitionis
1602 849 1712 888 scri-

78 933 218 978 ptura
239 926 499 977 proposita.
525 925 570 964 in
593 931 637 964 et
659 936 764 964 cum
785 935 876 974 qua
905 935 987 974 per
1017 935 1102 963 nos
1130 934 1211 961 seu
1240 922 1415 961 dictum
1442 927 1711 972 procurato-

80 1009 178 1037 rem
207 1003 420 1036 nostrum
448 997 643 1047 petitum
679 995 763 1035 fuit
801 1002 845 1034 et
875 994 1198 1045 requissitum,
1230 992 1497 1044 praedictae
1528 998 1714 1031 vestrae

79 1068 250 1108 minori
283 1068 424 1107 aetati
454 1073 719 1107 curatorem
749 1066 849 1105 dari
882 1071 926 1105 et
958 1064 1193 1115 assignari
1224 1063 1412 1113 debere,
1445 1062 1502 1102 ad
1534 1061 1712 1113 praedi-

82 1147 207 1179 ctam
228 1139 511 1179 solucionem
536 1149 617 1177 seu
638 1143 998 1188 paccamentum
1028 1147 1054 1174 a
1081 1134 1237 1184 nobis,
1268 1134 1456 1173 nomine
1483 1139 1641 1172 vestro
1671 1139 1714 1171 et

83 1222 167 1262 pro
190 1210 323 1250 vobis
351 1221 405 1249 ac
437 1221 526 1248 una
556 1208 819 1256 vobiscum,
855 1205 1195 1258 acceptandum
1223 1211 1267 1244 et
1295 1204 1638 1255 recipiendum,
1670 1209 1714 1242 et

85 1281 211 1332 quod
231 1281 278 1320 in
299 1281 461 1320 eodem
483 1285 790 1331 paccamento
808 1278 1138 1317 auctoritatem
1157 1288 1289 1316 suam
1307 1276 1622 1326 interponeret
1638 1285 1714 1325 pa-

86 1352 198 1392 riter
228 1358 271 1391 et
306 1351 565 1400 decretum3
604 1351 681 1402 qui
711 1349 896 1401 quidem
927 1348 1078 1388 dictus
1113 1347 1381 1398 spectabilis
1410 1347 1712 1397 gubernator,

83 1423 365 1463 auctoritate
386 1422 615 1474 praedicti
638 1422 708 1460 sui
731 1420 873 1470 oficii,
899 1419 1089 1459 attentis
1112 1426 1153 1458 et
1173 1418 1484 1458 consideratis
1502 1417 1715 1456 omnibus

80 1494 125 1533 in
149 1493 390 1545 praedicta
413 1492 717 1544 requisitione
739 1491 991 1540 contentis,
1023 1501 1128 1529 cum
1162 1489 1306 1540 ipsius
1337 1488 1606 1539 provisione
1633 1499 1714 1527 seu

81 1564 400 1605 declaratione
422 1571 465 1604 et
483 1563 607 1615 jure,
633 1562 759 1614 [per]
783 1561 1149 1602 decretationem
1177 1561 1223 1599 in
1257 1561 1385 1600 calce
1414 1559 1567 1598 dictae
1603 1559 1713 1598 scri-

83 1641 247 1687 pturae
270 1635 586 1686 requisitionis
608 1634 932 1674 continuatam
955 1633 990 1682 ²,
1023 1633 1078 1672 d'e
1100 1639 1143 1671 et
1166 1642 1271 1671 cum
1301 1630 1496 1670 consilio
1520 1630 1592 1669 sui
1622 1642 1713 1669 ma-

79 1705 240 1758 gnifici
262 1706 513 1753 acessoris‚
538 1705 738 1745 nobilem
759 1705 986 1757 Joannem
1016 1704 1071 1743 de
1096 1702 1233 1754 Borja
1264 1702 1310 1741 in
1343 1708 1608 1742 curatorem
1642 1713 1716 1740 ve-

84 1784 255 1828 strum,
294 1789 399 1817 cum
439 1777 710 1828 plenissima
749 1782 980 1827 potestate
1021 1773 1079 1814 ad
1119 1773 1276 1813 omnia
1315 1772 1583 1824 supradicta
1625 1783 1716 1811 una

78 1848 325 1888 vobiscum
345 1847 561 1887 facienda
584 1853 628 1887 et
656 1846 956 1897 complenda,
992 1845 1116 1885 dedit
1145 1844 1408 1895 assignavit
1435 1849 1480 1883 et
1510 1843 1715 1883 decreta-

83 1919 152 1959 vit
187 1919 272 1959 sub
306 1919 455 1959 forma
485 1918 717 1970 sequenti,
750 1929 871 1957 anno
903 1928 929 1956 a
960 1916 1219 1956 Nativitate
1251 1914 1441 1954 Domini
1472 1914 1717 1953 millesimo

82 2087 163 2107 suae
179 2080 308 2107 tutelae
325 2083 387 2106 est.
404 2079 512 2113 igitur
527 2086 645 2106 sensus
661 2079 748 2105 forte
764 2078 807 2105 sit
822 2085 975 2112 sequens:
992 2084 1056 2103 non
1072 2076 1206 2103 habetis
1219 2080 1345 2102 etatem
1357 2075 1480 2109 viginti
1494 2082 1659 2102 annorum
1673 2075 1717 2101 ad

79 2128 283 2161 completam
297 2130 461 2157 (aetatem
474 2134 532 2153 seu
545 2126 587 2152 ad
602 2127 894 2160 complementum)
905 2132 985 2151 suae
1000 2125 1089 2156 (tuae
1104 2127 1162 2149 aut
1175 2122 1500 2154 vestrae.vide1icet
1513 2120 1640 2148 aetatis
1656 2128 1715 2147 seu

85 2175 224 2206 maioris
239 2174 391 2206 aetatis).

139 2223 144 2242 ¹
189 2224 330 2254 gerente
346 2223 442 2249 vices
455 2221 635 2255 generalis
651 2220 912 2254 gnbernaloris.
932 2219 1075 2253 “Segnia
1092 2227 1131 2245 en
1147 2218 1328 2245 autoridad
1341 2226 1363 2253 y
1378 2224 1436 2244 era
1454 2218 1485 2243 la
1502 2217 1652 2251 primera.
1665 2217 1717 2243 del

84 2270 187 2303 remo,
205 2270 348 2303 despues
363 2270 417 2296 del
431 2270 530 2304 virey
546 2269 573 2295 si
594 2270 624 2295 10
641 2269 744 2295 habia
767 2267 956 2301 <Psoi-eges
973 2271 1105 2294 tantum
1122 2274 1197 2293 cum
1213 2265 1340 2299 aliquid
1357 2265 1528 2291 insolitum
1545 2265 1716 2298 continge⁴

82 2322 144 2351 ret,
168 2326 185 2344 a
208 2318 345 2351 regibus
366 2317 615 2349 mittebantur),
639 2318 669 2343 el
690 2316 905 2350 gobernadoi·
921 2316 1073 2349 general,
1097 2314 1245 2341 llamado
1268 2313 1478 2347 procnrador
1503 2320 1543 2339 cn
1564 2313 1718 2346 aquellos

84 2366 238 2398 tiempos.
255 2365 338 2391 Este
354 2372 458 2398 cargo
474 2364 715 2398 correspondia
731 2366 751 2390 a
769 2365 817 2390 los
834 2362 1006 2397 principes
1021 2363 1060 2389 de
1078 2363 1109 2388 la
1125 2369 1249 2388 corona
1263 2368 1347 2394 para
1360 2368 1423 2394 que
1436 2368 1471 2387 se
1483 2364 1719 2386 amaestrasen

81 2420 123 2440 en
138 2414 168 2439 el
184 2418 258 2440 arte
276 2413 314 2439 de
330 2413 512 2446 gobernar,
528 2420 550 2447 y
566 2419 605 2438 en
621 2411 789 2438 Valencia
806 2412 836 2438 lo
852 2411 1054 2444 desempeno
1071 2411 1098 2435 el
1117 2410 1244 2435 infante
1275 2408 1311 2434 D.
1335 2408 1462 2434 Alonso
1487 2416 1507 2443 y
1523 2407 1667 2441 despues
1688 2407 1719 2433 el

81 2461 210 2488 infante
228 2461 265 2487 L).
280 2460 389 2486 Pedro
404 2467 446 2486 en
461 2459 542 2486 vida
557 2459 610 2485 del
626 2466 686 2494 rey
702 2466 740 2485 su
756 2458 872 2493 padre.
889 2458 959 2485 Mas
975 2458 1133 2484 adclzmte
1151 2464 1184 2483 se
1209 2458 1236 2482 le
1255 2458 1383 2488 aarego
1399 2463 1442 2482 un
1465 2455 1611 2482 teniente
1629 2462 1719 2481 nom-

83 2508 188 2535 brado
203 2509 369 2542 portante
385 2514 485 2534 voces
500 2507 538 2534 de
554 2507 780 2541 gobernadoi·,
797 2514 816 2540 y
833 2514 867 2532 se
889 2506 1015 2532 dix-idio
1038 2507 1067 2531 cl
1092 2505 1184 2531 mino
1207 2512 1247 2530 en
1270 2504 1329 2530 dos
1349 2503 1646 2537 gobernaciones...
1670 2502 1719 2529 No

83 2555 229 2589 siempre
245 2555 512 2588 desempenaron
529 2555 576 2581 los
591 2554 762 2588 principes
784 2558 855 2579 este
873 2560 993 2587 cargo.
1008 2560 1070 2586 que
1086 2552 1170 2578 solia
1185 2558 1323 2583 recaer,
1340 2558 1381 2577 no
1397 2552 1572 2583 obstante,
1589 2558 1628 2576 en
1649 2556 1722 2584 per-

80 2610 182 2630 sonas
198 2603 235 2629 de
250 2603 399 2637 posicion
414 2610 435 2637 y
451 2602 654 2628 reconocida
676 2601 819 2635 aptitud
843 2601 948 2627 'senia
967 2600 1187 2634 jurisdiccion
1210 2600 1308 2625 sobre
1335 2599 1432 2625 todos
1457 2599 1505 2625 los
1531 2598 1722 2624 tribunales
1746 2598 1749 2601 “

81 2658 176 2678 como
192 2654 450 2684 representante
468 2649 597 2676 directo
613 2652 630 2676 ὁ
648 2649 812 2682 delegado
829 2649 880 2675 del
897 2656 986 2684 rey.„
1004 2648 1169 2678 PERAiisss,
1184 2647 1275 2673 Disc.
1291 2654 1353 2680 piu,
1373 2653 1511 2680 paragr,
1528 2653 1560 2672 V.
1572 2661 1600 2665 -
1612 2645 1721 2672 “Este

83 2697 324 2730 (Gubernator,
340 2705 463 2725 conoce
482 2697 520 2724 de
538 2698 587 2724 los
603 2704 768 2730 menores,
786 2697 919 2727 viudas,
935 2696 1152 2727 miserables,
1170 2701 1333 2728 personas
1348 2694 1452 2721 flacas
1467 2703 1488 2729 y
1504 2694 1555 2720 sin
1568 2693 1720 2722 defensa:

83 2754 104 2781 y
119 2753 180 2780 por
195 2747 387 2773 costumbre
400 2745 624 2778 inmemorial,
638 2745 677 2771 de
691 2746 740 2771 los
751 2749 937 2778 exemptos:
954 2743 1181 2770 administram
1195 2746 1265 2768 este
1279 2749 1383 2775 cargo
1396 2742 1455 2768 dos
1468 2741 1721 2775 gobernadores

81 2793 358 2828 independientes
374 2799 468 2819 entre
484 2794 523 2824 si,
539 2793 570 2819 el
592 2800 655 2819 uno
677 2792 840 2826 gobierna
862 2791 900 2817 de
925 2790 1086 2818 Orihuela
1110 2792 1128 2816 a
1152 2791 1183 2816 la
1206 2790 1288 2816 villa
1314 2789 1352 2816 de
1379 2789 1503 2824 Sejona
1529 2788 1720 2815 exclusiva-

84 2845 205 2874 mente,
222 2849 243 2876 y
258 2841 288 2867 el
305 2844 390 2872 otro,
407 2848 468 2874 que
485 2840 594 2866 reside
610 2847 649 2866 en
664 2840 696 2866 la
713 2839 832 2866 ciudad
851 2839 890 2865 de
908 2837 1086 2869 Valencia,
1104 2837 1228 2864 manda
1253 2844 1293 2863 en
1309 2837 1340 2863 lo
1356 2841 1510 2863 restante
1526 2836 1579 2863 del
1597 2835 1721 2869 reino.,‚

84 2888 272 2919 EscomNo,
290 2889 313 2915 1.
333 2896 366 2922 v,
383 2896 410 2914 e.
427 2895 508 2914 xxv.

139 2936 152 2954 '-’
190 2935 671 2968 continuatam,contiguam.
