2063 3283
669 230 707 276 J.
737 229 908 268 BORfflA
935 230 1261 267 TESTAMENTUM
1736 232 1782 267 45

152 339 265 367 sone
293 339 374 367 seu
400 327 612 378 personis
641 339 722 367 sue
749 328 1060 368 dominacioni
1086 329 1202 368 bene
1235 328 1373 368 vissis
1400 339 1485 379 pro
1514 328 1670 378 precio
1698 340 1780 367 seu

153 398 322 448 preciis
345 398 508 448 quibus
530 398 731 438 voluerit
758 411 849 438 uno
877 399 1183 439 instrumento
1213 400 1285 438 vel
1312 399 1520 449 pluribus
1548 397 1779 437 vendicio-

151 480 256 508 nem
286 480 369 508 seu
400 469 702 509 vendiciones
737 470 1050 509 alienaciones
1080 476 1123 509 et
1151 469 1521 509 scudonaciones
1551 469 1705 508 facere
1736 475 1781 508 et

150 539 358 590 precium
378 550 459 579 seu
480 540 637 590 precia
660 540 867 591 recipere
888 546 932 580 et
953 539 1008 580 dc
1030 540 1203 580 eisdem
1225 552 1399 591 apocas
1416 540 1601 580 firmare
1618 540 1780 590 etipsa

150 611 308 661 precia
329 623 410 650 seu
430 611 639 661 precium
660 611 707 650 in
728 623 836 651 suas
858 612 1160 651 necessitates
1182 617 1225 650 et
1246 623 1357 650 usus
1378 612 1465 651 sibi
1485 611 1600 651 bene
1627 611 1780 650 vissos

153 687 426 721 conuertere
448 687 491 721 et
513 682 567 721 de
588 682 809 733 predictis
831 682 1123 721 censualibus
1146 688 1189 721 ct
1211 683 1356 721 altero
1379 683 1562 721 illorum
1583 688 1626 721 et
1647 687 1780 733 parte

149 764 231 792 seu
251 752 461 803 partibus
482 753 690 803 ipsorum
706 758 801 792 tam
817 753 864 791 in
880 752 1166 803 proprietate
1183 764 1322 802 quam
1339 753 1383 791 in
1402 753 1703 803 pensionibus
1721 752 1780 792 ad

149 835 281 862 suam
303 823 593 863 omnimodas
615 824 880 863 voluntates
900 823 1055 862 facere
1085 822 1331 873 disponere
1361 830 1405 863 et
1435 823 1651 864 ordinare
1682 830 1778 863 tam

149 894 269 933 inter
296 895 429 934 viuos
456 906 594 945 quam
622 895 667 933 in
700 894 861 934 ultima
888 893 986 944 ejus
1012 895 1252 933 voluntate
1278 901 1493 945 presente
1521 895 1779 934 donacione

155 965 287 1005 vobis
307 965 488 1016 prefato
511 965 701 1016 egregio
724 964 956 1004 Roderico
975 963 1030 1004 de
1046 964 1177 1015 borja
1195 964 1318 1004 facta
1342 965 1388 1004 in
1411 966 1564 1016 aliquo
1588 978 1681 1005 non
1704 966 1778 1004 ob-

150 1041 302 1075 stante
386 1036 616 1086 Quoniam
636 1036 683 1075 in
705 1047 817 1075 casu
838 1047 920 1075 seu
942 1035 1127 1075 casibus
1148 1035 1312 1086 quibus
1341 1036 1438 1086 ipse
1466 1036 1779 1087 suppradictis

148 1107 446 1146 facultatibus
466 1106 533 1146 uti
554 1106 751 1146 voluerit
772 1112 816 1145 et
837 1117 932 1146 non
953 1106 1069 1146 alias
1090 1106 1213 1146 bona
1234 1112 1278 1146 et
1306 1107 1539 1146 censualia
1568 1108 1779 1158 predicta

148 1177 190 1217 ei
211 1183 255 1217 et
275 1177 370 1217 suis
391 1176 564 1217 donata
584 1178 721 1228 pleno
738 1176 840 1228 jure
861 1190 964 1217 esse
984 1176 1172 1217 intendo
1195 1179 1302 1217 volo
1324 1184 1368 1217 et
1384 1177 1583 1217 decerno
1601 1190 1656 1218 ac
1673 1191 1780 1219 cum

149 1249 354 1299 presenti
375 1248 497 1288 dono
528 1254 572 1288 et
598 1254 869 1300 transporto
897 1254 1113 1299 presente
1140 1248 1399 1289 donacione
1426 1249 1474 1289 in
1501 1250 1653 1300 aliquo
1686 1262 1780 1290 non

148 1319 425 1372 impediente
446 1332 532 1359 nec
554 1320 766 1359 obstante
783 1331 888 1359 cum
904 1326 1169 1371 presentem
1184 1319 1494 1360 donacionem
1510 1322 1619 1360 volo
1638 1321 1779 1360 robur

146 1391 466 1442 plenissimum
493 1396 536 1430 et
563 1390 745 1430 firmam
771 1390 1041 1430 facultatem
1067 1391 1238 1430 habere
1266 1397 1310 1430 et
1338 1397 1495 1431 tenere
1523 1397 1703 1431 tantum
1733 1392 1780 1432 in

147 1462 272 1501 omni
307 1474 360 1501 eo
396 1461 520 1512 quod
552 1473 634 1512 per
667 1473 800 1501 suam
833 1461 1064 1512 prefatam
1099 1461 1471 1502 dominacionem
1507 1469 1780 1503 reuocatum

147 1533 401 1572 alienatum
421 1538 791 1583 transportatum
808 1539 853 1572 et
870 1544 952 1572 seu
968 1538 1197 1572 mutatum
1214 1545 1307 1572 non
1323 1533 1461 1585 fuerit
1478 1539 1521 1573 et
1537 1546 1631 1573 non
1647 1534 1782 1574 aliter

148 1616 234 1644 nec
256 1604 324 1643 als
346 1609 390 1643 et
411 1615 517 1643 cum
543 1604 694 1655 pactis
723 1609 767 1643 et
798 1603 1148 1644 condicionibus
1176 1604 1489 1655 suppradictis
1515 1611 1779 1655 presentem

145 1675 279 1714 vobis
300 1675 421 1714 facio
445 1674 755 1715 donacionem
776 1680 820 1714 et
840 1687 936 1714 non
957 1675 1091 1715 aliter
1120 1688 1205 1715 nec
1227 1677 1295 1715 als
1378 1675 1449 1715 En
1470 1676 1614 1716 virtut
1636 1676 1692 1716 de
1712 1678 1778 1716 les

147 1747 278 1797 quals
299 1747 518 1797 paraules
540 1758 563 1786 6
589 1747 734 1797 poder
763 1746 819 1785 ab
848 1747 1051 1797 aquelles
1079 1759 1103 1786 e
1131 1747 1188 1786 ab
1215 1747 1260 1786 la
1288 1746 1383 1786 dita
1411 1748 1609 1787 donacio
1640 1760 1666 1786 a
1692 1759 1778 1787 nos

145 1817 333 1856 atribuit
354 1830 385 1868 y
406 1817 550 1857 donat
571 1817 712 1857 tenim
733 1818 806 1869 ple
827 1831 858 1869 y
878 1818 1064 1858 bastant
1086 1818 1232 1869 poder
1254 1818 1309 1858 de
1336 1818 1405 1858 fer
1433 1831 1457 1858 e
1484 1819 1686 1858 ordenar
1712 1820 1778 1858 les

146 1899 281 1928 coses
301 1888 430 1939 dejus
452 1900 535 1939 per
556 1900 643 1928 nos
664 1888 1022 1939 specificadores
1104 1888 1193 1929 Per
1215 1901 1270 1937 co
1293 1890 1625 1940 primerament
1647 1902 1776 1929 reuo-

146 1965 255 1999 cant
277 1966 465 1999 cassant
492 1972 516 1999 e
543 1960 752 1999 anullant
779 1960 823 1999 la
850 1960 945 2000 dita
972 1959 1170 2000 donacio
1196 1960 1290 2000 feta
1317 1973 1401 2012 per
1428 1962 1471 2000 lo
1499 1961 1564 2000 dit
1590 1972 1778 2000 mossen

144 2030 305 2082 Jacme
326 2030 548 2070 Philibert
569 2032 613 2070 la
635 2032 744 2082 qual
760 2030 808 2082 ja
830 2031 887 2071 ab
909 2032 952 2070 lo
976 2037 1078 2071 acte
1099 2031 1155 2071 de
1177 2032 1424 2071 reuocacio
1445 2044 1528 2082 per
1549 2044 1633 2071 nos
1654 2044 1711 2071 en
1732 2033 1777 2071 lo

143 2108 331 2152 present
352 2102 427 2141 dia
448 2102 510 2141 set
531 2114 587 2141 en
608 2102 755 2153 poder
776 2102 849 2142 del
869 2103 1024 2142 notari
1044 2102 1174 2154 dejus
1196 2103 1307 2143 serit
1330 2104 1512 2154 aquella
1539 2115 1588 2142 es
1616 2103 1777 2143 estada

144 2173 379 2213 reuocada
406 2186 430 2213 e
464 2173 683 2213 anullada
709 2185 881 2224 segons
908 2185 1006 2213 mes
1032 2175 1311 2224 llargament
1339 2187 1396 2214 en
1423 2175 1466 2213 lo
1496 2174 1561 2213 dit
1589 2180 1691 2213 acte
1722 2175 1777 2213 de

143 2245 389 2284 reuocacio
411 2246 455 2284 al
476 2245 583 2295 qual
604 2256 691 2284 nos
712 2244 915 2284 refferim
936 2257 985 2284 es
1007 2251 1261 2296 contengut
1283 2258 1337 2285 en
1365 2247 1443 2284 axi
1470 2257 1558 2296 que
1585 2246 1657 2284 los
1686 2244 1777 2285 dits

143 2317 325 2355 censals
342 2328 365 2355 e
383 2328 524 2356 cascu
540 2315 596 2355 de
612 2317 789 2366 aquells
805 2322 961 2355 resten
978 2328 1034 2355 en
1051 2316 1300 2367 disposicio
1314 2323 1474 2356 nostra
1490 2329 1513 2356 e
1527 2317 1582 2356 de
1600 2318 1777 2368 aquells

144 2399 168 2426 e
197 2399 337 2426 cascu
366 2386 421 2426 de
456 2388 632 2438 aquells
660 2387 830 2438 podem
858 2386 1110 2438 dispondre
1138 2399 1162 2427 e
1198 2386 1398 2427 ordenar
1426 2400 1452 2426 a
1480 2394 1579 2427 tota
1612 2394 1776 2427 nostra

144 2457 289 2497 libera
309 2458 522 2497 voluntat
606 2458 643 2498 E
664 2464 802 2498 usant
823 2458 879 2498 de
900 2459 943 2497 la
966 2457 1060 2498 dita
1081 2459 1275 2498 facultat
1296 2471 1353 2498 en
1374 2464 1471 2498 tota
1493 2460 1673 2510 aquella
1696 2459 1775 2498 mi-

144 2529 232 2568 llor
252 2528 330 2568 via
351 2528 502 2568 forma
524 2541 548 2568 e
570 2541 761 2568 manera
789 2541 876 2580 que
903 2528 1072 2580 podem
1099 2543 1129 2581 y
1157 2529 1322 2569 deuem
1348 2529 1521 2569 donam
1547 2543 1578 2581 y
1604 2531 1775 2580 llegam

143 2599 187 2638 al
207 2599 272 2638 dit
293 2600 384 2639 don
404 2612 514 2650 pere
534 2600 638 2651 luys
661 2599 895 2639 Galceran
916 2599 972 2640 de
998 2600 1163 2651 borgia
1190 2600 1253 2640 fill
1279 2606 1438 2640 nostre
1465 2614 1496 2652 y
1523 2601 1579 2640 de
1608 2602 1652 2640 la
1679 2601 1774 2640 dita

145 2670 230 2709 Illf‘
264 2669 487 2721 Duquesa
508 2670 632 2710 dona
652 2671 885 2711 francisca
907 2671 963 2711 de
985 2677 1140 2711 castro
1161 2685 1192 2723 y
1208 2671 1264 2712 de
1280 2672 1417 2723 pinos
1433 2673 1597 2712 muller
1613 2678 1772 2711 nostra

142 2742 212 2781 los
233 2741 323 2780 dits
345 2741 430 2781 dos
451 2743 633 2781 censals
655 2754 709 2792 co
731 2755 779 2782 es
801 2743 869 2782 los
890 2742 980 2782 dits
1001 2755 1094 2783 nou
1114 2743 1241 2783 milia
1258 2743 1345 2783 deu
1362 2755 1471 2783 sous
1488 2744 1670 2783 censals
1686 2755 1775 2793 que

143 2813 187 2852 10
210 2812 275 2851 dit
294 2813 486 2863 general
505 2825 591 2852 nos
610 2813 657 2852 fa
679 2825 702 2853 e
723 2813 792 2853 fer
813 2826 862 2853 es
883 2819 1045 2865 tengut
1067 2826 1240 2854 cascun
1262 2827 1354 2866 any
1377 2827 1433 2855 en
1459 2814 1589 2854 dotse
1611 2815 1773 2865 eguals

143 2895 323 2935 pagues
344 2895 399 2932 co
421 2895 470 2922 es
492 2896 519 2923 a
540 2884 602 2923 sis
624 2884 720 2924 dies
742 2884 797 2924 de
819 2897 993 2925 cascun
1014 2897 1110 2925 mes
1132 2898 1156 2925 e
1177 2886 1245 2925 los
1262 2886 1352 2925 dits
1370 2887 1504 2925 cinch
1522 2885 1645 2924 milia
1664 2897 1771 2935 qua-

143 2960 280 2995 ranta
301 2966 410 2994 sous
432 2960 594 3005 quatre
616 2954 745 2995 dines
767 2957 948 2996 censals
970 2968 1057 3007 que
1079 2957 1121 2996 lo
1144 2957 1316 2996 mateix
1337 2958 1528 3007 general
1556 2968 1642 2995 nos
1670 2956 1713 2995 sa
1742 2968 1771 3006 y

144 3037 316 3077 respon
339 3037 512 3065 cascun
534 3037 627 3076 any
649 3037 675 3064 a
699 3037 813 3066 onze
835 3027 932 3066 dies
953 3027 1051 3067 dels
1072 3039 1224 3067 mesos
1246 3027 1301 3068 de
1322 3028 1446 3080 ι11111)ν
1473 3041 1503 3079 y
1534 3026 1774 3067 Setembrc-
