1969 3293
600 245 804 283 FRATRES
833 256 888 282 Ac
915 245 1129 282 SORoREs.
1616 245 1690 281 379

132 344 231 383 ΒΑΜ]
247 341 476 382 Martinus
498 342 553 381 de
571 341 792 393 Viciana,
813 343 1012 394 scriptor
1030 342 1139 382 item
1156 343 1436 392 valentinus,
1457 343 1527 382 sui
1544 342 1685 382 Chro-

52 415 144 456 nici
164 413 387 453 valentini
409 412 632 462 (Cro'm'ccz
653 413 708 452 de
741 412 975 462 Valent-ia)
1003 413 1257 453 secundam
1284 419 1465 464 partem
1493 413 1688 462 dicavit,

51 486 115 526 6.a
137 484 420 535 Septembris
446 482 560 533 1563,
586 482 706 522 Duci
728 483 940 523 Gandiae
963 484 1139 535 quinto,
1165 483 1335 523 Carolo
1364 483 1419 523 de
1441 484 1614 534 Borgia
1645 490 1688 523 et

55 557 233 604 Castro,
259 566 396 606 quem
417 555 620 605 appellat
641 553 754 605 ipse:
784 553 955 594 ιιΞ6ΐ101
972 554 1044 594 (161
1063 560 1226 594 auctor
1243 568 1273 606 y
1290 554 1345 594 (16
1363 556 1407 594 13
1425 555 1538 594 obra
1556 568 1586 606 y
1603 565 1690 605 por

54 637 175 678 cuyo
207 625 407 665 servicio
438 636 486 664 se
514 624 728 675 imprime
757 625 888 675 (pag.
924 624 1009 664 ll.a
1035 625 1301 665 valentinae
1333 625 1548 665 editionis
1579 625 1689 664 anni

59 697 214 747 1831).„
238 697 280 737 Is
302 707 431 746 ergo,
455 695 493 735 si
514 701 558 735 et
579 695 817 747 temporis,
843 707 932 747 quo
955 707 1071 755 opus
1099 708 1234 736 suum
1264 696 1612 746 conscribebat,
1646 702 1692 736 et

55 769 200 810 Ducis
222 768 449 815 Gandiae,
474 767 549 806 cui
571 777 687 817 opus
710 766 909 817 dicabat,
934 768 1054 806 ratio
1076 767 1318 818 habeatur,
1344 779 1566 818 magnam
1587 779 1691 818 pro—

56 840 174 880 fecto
212 838 350 878 fidem
384 837 635 877 merebitur
656 869 663 886 ,
703 835 812 876 dum
852 836 1058 887 ejusdem
1098 838 1242 878 Ducis
1282 840 1542 878 avunculos
1582 850 1693 878 enu-

59 916 218 951 merat.

135 980 212 1020 Ait
235 980 287 1029 is,
312 990 420 1030 pag.
445 978 506 1018 16:
534 977 628 1018 “De
657 978 748 1018 don
775 978 897 1030 Juan
928 979 1137 1029 segundo
1165 991 1196 1029 y
1219 978 1274 1018 de
1296 979 1432 1018 Dona
1462 980 1614 1032 Juana
1636 979 1696 1019 de

56 1052 251 1102 Aragon
271 1049 580 1102 procedieron
605 1049 696 1088 don
718 1049 973 1089 Francisco
996 1049 1051 1089 de
1072 1049 1212 1100 30133
1232 1050 1567 1101 primogenito,
1605 1051 1698 1090 don

57 1123 232 1163 Alonso
255 1122 311 1162 de
332 1120 470 1172 Borja
494 1121 644 1161 abbad
668 1120 724 1161 de
747 1121 1000 1172 Valdigna,
1026 1121 1117 1161 don
1141 1121 1346 1173 Enrique
1369 1122 1424 1161 de
1442 1120 1582 1173 Borja
1599 1133 1699 1162 car-

60 1194 194 1235 denal
215 1205 303 1244 que
325 1193 474 1233 musio
497 1204 553 1232 en
574 1191 771 1232 Viterbo
796 1195 822 1232 a
845 1198 1071 1244 quarenta
1094 1193 1245 1232 millas
1268 1193 1323 1232 de
1345 1192 1493 1232 Roma
1523 1196 1613 1232 3ῆο
1643 1193 1702 1232 (16

60 1266 119 1306 M.
143 1264 184 1304 d.
210 1276 355 1304 xxxx.
381 1263 518 1303 Dona
540 1263 705 1313 Maria,
730 1263 856 1303 (10113
878 1264 1035 1314 Anna,
1061 1267 1084 1304 6
1106 1264 1228 1304 dona
1250 1264 1424 1304 Ysabel
1445 1275 1532 1315 que
1555 1275 1602 1303 se
1620 1275 1699 1314 pu-

60 1336 212 1377 sieron
234 1333 414 1385 monjas
436 1346 493 1374 en
514 1340 650 1374 santa
674 1334 814 1374 Clara
838 1334 893 1374 (16
916 1333 1114 1385 Gaudia,
1140 1347 1164 1374 e
1185 1334 1308 1375 dona
1329 1335 1464 1386 luysa
1483 1334 1537 1374 (16
1560 1333 1698 1385 30133

61 1419 146 1459 que
175 1406 250 1446 fue
279 1405 453 1446 casada
480 1417 568 1445 con
596 1405 637 1445 el
664 1405 981 1445 Illustrissimo
1010 1406 1162 1457 duque
1186 1406 1242 1445 de
1268 1405 1636 1446 Villa—hermosa
1665 1417 1695 1455 y

62 1478 207 1519 conde
235 1478 290 1517 de
317 1476 600 1527 Ribagorca.
633 1476 770 1516 Dona
797 1476 950 1529 Juana
980 1477 1036 1517 de
1064 1476 1261 1528 Aragon
1289 1477 1514 1528 Duqueza
1548 1475 1698 1516 musio

63 1553 150 1589 3ᾔο
172 1548 227 1588 (16
248 1548 308 1587 Μ.
332 1547 374 1587 (1.
398 1559 477 1587 xx.
501 1547 544 1587 Y
564 1559 652 1598 por
673 1559 726 1587 su
748 1547 1078 1588 fallecimiento
1104 1549 1144 1588 el
1166 1548 1318 1600 duque
1336 1548 1428 1588 don
1448 1548 1571 1601 Juan
1587 1550 1700 1586 caso

63 1619 271 1670 segunda
292 1631 378 1658 vez
399 1630 488 1658 con
508 1619 553 1658 13
573 1619 891 1658 illustrissima
913 1618 1037 1659 dona
1054 1619 1313 1659 Francisca
1333 1619 1388 1659 de
1407 1619 1574 1659 Castro
1591 1631 1622 1670 y
1641 1617 1699 1657 de

65 1690 214 1740 Pinos,
238 1688 330 1739 hija
352 1689 424 1729 del
445 1689 683 1729 vezconde
705 1689 760 1729 de
782 1690 913 1740 Euol,
940 1689 1022 1730 Illa
1045 1703 1075 1742 y
1098 1691 1154 1730 de
1176 1690 1399 1739 Canet...,⁷
1424 1690 1481 1730 Et
1502 1700 1610 1741 pag.
1634 1689 1694 1728 19:

67 1761 339 1801 “Tornando
361 1764 387 1800 a
409 1766 600 1800 nuestra
622 1761 833 1812 hystoria
856 1760 911 1801 de
932 1762 976 1801 la
999 1773 1111 1801 casa
1132 1761 1188 1801 de
1210 1760 1350 1812 Borja
1378 1768 1588 1801 tenemos
1610 1772 1699 1812 que

65 1833 119 1873 de
140 1832 230 1872 don
249 1832 373 1885 Juan
393 1831 449 1871 de
470 1830 610 1882 Borja
631 1843 654 1871 e
677 1831 732 1871 de
755 1832 876 1872 dona
898 1832 1153 1872 Francisca
1176 1832 1231 1872 de
1254 1832 1420 1873 Castro
1437 1844 1469 1882 y
1486 1831 1542 1872 de
1559 1831 1702 1871 Pinos

65 1903 239 1955 duques
260 1903 315 1942 de
338 1902 516 1943 Candia
537 1902 847 1953 procedieron
869 1903 960 1943 don
989 1903 1198 1953 Rodrigo
1229 1904 1284 1943 de
1312 1902 1451 1954 Borja
1478 1903 1700 1942 cardena]

64 1975 105 2014 el
124 1975 231 2026 qual
252 1974 400 2013 musio
423 1986 479 2013 en
501 1973 679 2014 Candia
703 1973 901 2025 despues
924 1985 1012 2026 que
1035 1975 1155 2025 llego
1177 1975 1217 2014 el
1236 1974 1495 2014 reuerendo
1514 1986 1701 2014 mossen

65 2045 314 2085 Francisco
335 2045 458 2098 Juan
484 2045 612 2085 Roca
642 2044 811 2085 Dehan
842 2045 897 2085 de
927 2044 1105 2085 Candia
1134 2057 1223 2085 con
1250 2047 1291 2085 61
1319 2046 1495 2097 capelo.
1524 2044 1567 2085 Υ
1598 2050 1703 2084 otro

67 2115 155 2167 hijo
176 2116 387 2167 segundo
411 2116 503 2156 don
525 2115 675 2156 Pedro
697 2116 827 2168 Luys
849 2116 1083 2157 Galceran
1107 2116 1162 2157 de
1184 2115 1322 2167 Borja
1344 2122 1546 2156 maestre
1573 2114 1629 2155 de
1656 2116 1699 2154 la

69 2187 317 2227 caualleria
339 2200 370 2238 y
392 2186 537 2227 orden
558 2187 613 2227 de
634 2194 827 2228 nuestra
847 2191 1016 2227 sefiora
1048 2187 1103 2228 de
1133 2188 1348 2228 Monteza
1377 2200 1408 2239 y
1430 2193 1534 2227 sant
1558 2187 1701 2240 Jorge

69 2270 96 2308 y
117 2257 334 2309 Marques
356 2257 412 2298 de
433 2257 684 2298 Nauarres.
708 2258 752 2298 Υ
772 2265 954 2299 tercero
976 2257 1070 2309 hijo
1094 2259 1181 2298 don
1206 2258 1357 2309 Diego
1388 2258 1443 2298 de
1471 2257 1627 2309 Borja.
1658 2256 1703 2296 Υ

71 2335 233 2380 quarto
256 2329 349 2381 hijo
372 2330 464 2369 don
485 2328 704 2381 Phelippe
726 2330 913 2370 Manuel
935 2330 990 2370 de
1007 2329 1162 2380 30133,
1182 2329 1380 2370 Clauero
1397 2330 1453 2370 de
1469 2329 1698 2369 Monteza.

71 2398 111 2439 Y
133 2400 172 2439 el
202 2400 361 2451 quinto
391 2399 484 2451 hijo
511 2399 618 2440 Don
638 2400 845 2441 Thomas
867 2400 922 2441 de
944 2400 1096 2452 30133.
1122 2400 1160 2441 Ε
1180 2400 1301 2452 111335
1322 2400 1445 2440 dona
1466 2400 1616 2440 Maria
1648 2399 1705 2439 de

71 2469 220 2521 Borja,
245 2471 369 2511 dona
390 2471 530 2511 Anna
557 2471 613 2511 de
633 2470 795 2522 Borja,
819 2471 999 2523 monjas
1021 2484 1077 2512 en
1099 2477 1235 2511 santa
1257 2471 1420 2520 Clara,
1444 2472 1567 2511 dona
1589 2471 1702 2511 Leo-

71 2551 155 2581 nor
175 2540 230 2581 de
251 2541 405 2593 30133,
430 2554 454 2581 6
476 2542 598 2581 dona
618 2541 898 2592 Magdalena
920 2543 975 2582 de
997 2541 1137 2594 30133
1159 2541 1333 2582 casada
1356 2554 1444 2582 con
1460 2542 1501 2582 61
1521 2542 1706 2582 Illustre

73 2610 226 2652 Conde
247 2612 302 2652 de
325 2612 594 2664 Almenara,
618 2624 642 2653 e
664 2613 786 2653 dona
807 2613 1067 2664 Margarita
1089 2613 1144 2653 de
1167 2612 1320 2665 30133.
1337 2645 1354 2662 „

153 2896 250 2936 4¹1OE
274 2897 333 2937 Iis
351 2898 480 2937 circa
501 2898 625 2938 tertii
648 2897 859 2937 Gandiae
880 2897 1026 2937 Ducis
1048 2898 1219 2937 liberos
1241 2904 1337 2937 tam
1353 2896 1580 2948 gravibus
1597 2908 1706 2935 con·

79 2967 468 3020 sentientibusque
484 2968 776 3018 testimoniis,
798 2967 1061 3008 addendum
1083 2973 1152 3008 est
1173 2967 1318 3008 Ducis
1336 2968 1483 3019 ipsius
1500 2967 1705 3006 testimo·

79 3036 218 3089 nium3
235 3037 332 3089 ejus
348 3051 512 3090 nempe
524 3045 867 3088 testamentum,
882 3038 1093 3078 Gandiae
1110 3038 1256 3089 pridie
1274 3038 1493 3078 calendas
1509 3037 1707 3076 Martias
