1969 3293
190 147 261 185 648
753 147 797 185 S.
826 148 1065 186 FRANC1sci
1091 147 1264 188 BORGIA

543 351 843 427 AssLVARUS
873 386 1107 428 BORGIA
1136 387 1215 428 ET
1244 387 1486 429 CASTRO

273 598 505 650 Alvarus‚
530 611 554 640 e
574 599 681 640 filiis
700 599 946 640 Francisei
967 600 1023 641 de
1043 600 1183 652 Borja
1213 607 1258 642 et
1287 601 1549 643 Eleonorae
1579 602 1635 642 de
1662 601 1831 643 Castro

195 670 358 711 ordine
393 677 611 722 quartus,
649 683 771 712 anno
806 671 908 712 1534
942 678 1023 712 aut
1057 673 1272 724 sequenti
1306 673 1515 721 ineunte,
1553 673 1722 725 Toleti‚
1756 686 1830 714 na-

194 750 269 783 tus
290 748 376 782 est.

274 813 404 865 Quae
426 821 560 865 pater
576 815 686 855 huie
701 815 794 856 filio
812 815 859 855 in
875 821 1156 856 testamento
1174 816 1401 868 assignat,
1420 816 1528 857 vide
1546 817 1593 857 in
1609 828 1717 869 pag.
1736 816 1830 867 542,

191 885 293 935 543,
319 892 363 926 et
383 885 477 925 547.

274 956 412 997 Circa
433 969 609 998 annum
643 957 765 1008 1565,
798 959 1148 1010 dispensatione
1183 970 1210 998 a
1235 959 1317 1000 Pio
1346 959 1411 1000 IV
1433 960 1575 1009 faeta,
1599 959 1834 1000 matrimo—

192 1029 321 1069 nium
343 1029 444 1069 iniit
465 1040 573 1069 cum
593 1029 754 1069 Elvira
775 1029 1035 1082 Enrriquez
1056 1030 1112 1070 de
1133 1029 1361 1070 Almansa
1384 1036 1428 1070 et
1449 1030 1604 1083 Borja,
1627 1030 1694 1072 IV
1714 1030 1835 1071 Mar-

193 1099 432 1141 ehionissa
455 1100 510 1141 de
532 1100 807 1151 Aleafiices,
830 1101 923 1141 filia
943 1101 1141 1154 Joannis
1161 1102 1420 1153 Enrriquez
1437 1102 1492 1142 de
1513 1101 1757 1154 Almansa,
1776 1101 1836 1143 ΙΙΙ

193 1171 485 1212 Marchionis
520 1172 576 1212 de
617 1172 869 1213 Aleanices
897 1179 942 1213 et
966 1173 1178 1226 Joannae
1207 1173 1262 1213 de
1289 1172 1457 1224 Borja,
1490 1173 1634 1225 ipsius
1668 1172 1836 1214 Alvari

193 1244 373 1284 sororis
395 1243 421 1285 ¹.

273 1315 349 1355 Ab
371 1327 495 1356 anno
521 1315 622 1356 1578
641 1315 852 1356 Alvarus
872 1315 1051 1357 Rornae
1081 1318 1266 1368 legatus
1297 1323 1398 1357 erat
1430 1317 1838 1357 extraordinarius

193 1385 397 1438 Philippi
417 1385 456 1426 ΙΙ
478 1386 621 1439 Regis
648 1399 734 1439 pro
762 1387 967 1439 negotiis
996 1387 1425 1428 mediolanensibus
1456 1394 1501 1428 et
1527 1386 1838 1440 neapolitanis

194 1459 406 1510 agendis,
432 1459 479 1498 in
501 1459 668 1510 quibus
688 1471 848 1499 mense
869 1458 991 1512 Julio
1017 1458 1114 1498 1581
1139 1458 1292 1499 adhue
1314 1459 1625 1500 distinebatur
1646 1458 1675 1499 ².

567 1744 817 1798 JOANNA
846 1743 1083 1786 BORGIA
1113 1744 1191 1785 ET
1223 1744 1465 1786 CASTRO

274 1960 476 2011 Matriti,
500 1971 624 2000 anno
651 1959 752 1999 1535
773 1967 852 2001 aut
874 1960 1110 2012 sequenti,
1134 1965 1240 2011 post
1261 1958 1495 2000 Alvarum
1514 1957 1711 1998 fratrem
1726 1963 1838 1998 nata

195 2037 288 2082 est,
313 2044 336 2071 e
358 2030 616 2072 Francisco
638 2031 694 2071 de
716 2030 857 2083 Borja
887 2037 932 2071 et
961 2031 1193 2071 Eleonora
1215 2030 1271 2071 de
1289 2030 1471 2071 Castro.
1495 2029 1539 2070 A
1561 2028 1840 2082 quibusdam

193 2102 379 2156 Joanna
414 2103 469 2143 de
500 2102 699 2154 Aragon
734 2102 1118 2154 cognominatur,
1159 2108 1203 2142 et
1239 2101 1507 2153 hujusmodi.
1545 2112 1659 2141 usus
1697 2100 1839 2140 etiam

194 2174 241 2214 in
262 2175 511 2226 seripturis
532 2174 729 2226 publicis
750 2174 963 2214 invaluit.

275 2245 630 2286 Matrimonium
667 2257 774 2286 cum
805 2245 987 2298 Joanne
1023 2245 1282 2296 Enrriquez
1318 2245 1374 2285 de
1410 2244 1640 2284 Almansa
1676 2250 1721 2284 et
1752 2243 1839 2284 Ro-

191 2317 286 2369 jas,
310 2317 371 2358 III
391 2317 666 2358 Marchione
689 2317 745 2358 de
762 2316 1035 2366 Aleanices,
1054 2317 1204 2357 inivit.
1224 2316 1440 2369 Capitula
1457 2315 1838 2367 Matrimonialia‚

194 2389 462 2430 Vallisoleti
483 2388 536 2429 20
561 2388 739 2441 Aprilis
773 2388 897 2439 1550,
928 2389 1118 2446 signata
1147 2388 1292 2428 fuere.
1321 2387 1523 2429 Sanctus
1556 2387 1839 2428 Franciscus

195 2461 303 2501 huie
340 2460 462 2501 filiae
494 2460 761 2512 quindecim
791 2460 947 2501 decies
974 2466 1172 2500 centena
1207 2459 1519 2500 teruntiorum
1554 2459 1699 2499 millia
1732 2458 1842 2498 dote

196 2531 337 2572 dedit.

276 2603 445 2643 Filiam
468 2604 631 2644 habuit
651 2604 889 2655 Elviram‚
911 2603 978 2644 IV
999 2602 1396 2643 Marchionissam
1419 2601 1475 2642 de
1496 2600 1764 2642 Aleafiices.

280 2673 403 2715 Obiit
426 2686 550 2714 anno
576 2675 691 2715 1574.

278 2745 479 2786 Caetera
500 2746 556 2786 de
578 2747 680 2798 ipsa
700 2746 883 2800 Joanna
904 2745 1027 2796 vide,
1051 2746 1136 2795 sis,
1161 2745 1286 2797 apud
1307 2743 1603 2785 CIENFUEGOS
1624 2742 1653 2784 ⁵.

251 2884 262 2904 ¹
310 2883 398 2910 Vz'da
413 2883 456 2910 de
473 2883 505 2909 S.
522 2883 715 2910 Francisco
730 2883 772 2910 de
784 2882 908 2917 Borja,
923 2887 1064 2910 auctore
1081 2882 1320 2916 NIEREMBERG‚
1337 2881 1423 2909 libro
1438 2889 1485 2916 1v,
1501 2888 1575 2915 cap.
1591 2881 1618 2908 7.

251 2932 265 2951 2
304 2930 468 2958 CARRERA
483 2938 527 2958 DE
544 2930 717 2965 CORDOBA,
734 2930 829 2958 Hist.
845 2931 888 2957 de
903 2930 1027 2965 Felz'pe
1042 2929 1090 2963 II,
1105 2930 1164 2957 lib.
1181 2929 1224 2963 12,
1240 2937 1314 2964 cap.
1329 2929 1374 2957 28.

248 2979 263 3000 5
310 2979 397 3007 Vitia
413 2979 470 3006 del
487 2979 629 3006 Grande
646 2978 717 3005 San
733 2978 926 3006 Franctsco
941 2978 983 3005 de
999 2978 1121 3013 Borja,
1136 2978 1193 3006 lib.
1208 2985 1245 3004 1v
1259 2999 1265 3012 ,
1281 2985 1329 3005 cc.
1347 2977 1380 3004 10
1395 2980 1428 3004 et
1444 2976 1489 3004 21.
