1969 3293
806 185 935 224 UXOR
1613 184 1681 221 571

709 563 1019 606 LITTERAE

239 720 514 748 ELEONORAE
545 721 605 748 DE
636 720 809 748 CASTRO
840 718 1091 747 FRANCISCO
1121 719 1182 746 DE
1211 718 1292 747 LOS
1323 706 1494 747 COBOS¹

519 1151 561 1178 Ei
573 1151 786 1178 commendat
804 1151 977 1178 Abbatem
991 1150 1084 1179 Puch
1100 1150 1218 1185 (Puig).

265 1348 377 1399 Muy
398 1347 565 1388 Ilustre
586 1346 758 1388 Senos:

133 1490 333 1542 Aunque
354 1493 403 1530 se
425 1501 513 1542 que
534 1490 576 1529 el
602 1489 824 1541 Marques
854 1489 916 1529 mi
937 1487 1087 1529 Sefior
1114 1487 1128 1507 ²
1150 1489 1328 1529 escribe
1351 1491 1378 1528 a
1398 1488 1458 1529 V,
1483 1487 1528 1529 S.
1552 1489 1686 1540 supli-

52 1561 248 1602 candole
268 1568 411 1613 tenga
431 1572 518 1612 por
539 1560 890 1601 encomendado
912 1560 956 1600 al
976 1559 1114 1600 Abad
1143 1559 1291 1611 Puch‚
1324 1573 1354 1611 y
1379 1563 1428 1600 56
1455 1560 1500 1600 la
1526 1560 1687 1600 volun-

53 1633 132 1674 tad
153 1644 242 1685 que
264 1633 388 1674 tiene
410 1632 466 1672 de
494 1632 536 1672 le
557 1631 700 1672 hacer
721 1631 933 1683 merced,
961 1642 1022 1671 no
1051 1631 1109 1671 he
1140 1630 1334 1682 querido
1367 1642 1429 1682 yo
1457 1631 1602 1670 dexar
1631 1630 1688 1671 de

51 1704 254 1760 suplicar
277 1707 303 1744 a
324 1703 383 1744 V.
408 1702 453 1744 S.
477 1704 521 1743 10
542 1714 735 1753 mesmo‚
760 1714 848 1754 que
870 1702 1156 1742 habiendose
1178 1702 1234 1742 de
1255 1701 1487 1753 proveher
1514 1702 1688 1751 alguna

49 1780 248 1815 vacante
270 1778 297 1815 a
319 1774 376 1815 D.
400 1773 522 1827 Juan
543 1774 599 1814 de
630 1773 814 1824 Pomar‚
846 1772 910 1814 Su
936 1773 1017 1813 M.t
1040 1773 1168 1813 fuese
1199 1772 1387 1813 servicio
1416 1771 1472 1812 de
1499 1771 1685 1812 hacerle

48 1846 236 1887 merced
257 1846 312 1887 de
333 1847 403 1886 los
423 1845 674 1886 beneficios
696 1856 784 1897 que
806 1845 848 1885 el
876 1844 1012 1885 dicho
1041 1843 1098 1884 D.
1132 1843 1253 1896 Juan
1281 1844 1337 1884 de
1364 1842 1534 1884 Pomar
1560 1844 1685 1883 tiene

49 1919 156 1970 aqui
184 1929 242 1958 en
273 1916 553 1958 Cathalunia
581 1927 714 1956 como
743 1927 829 1956 son
860 1916 900 1955 61
928 1915 1160 1955 abadiado
1191 1914 1246 1955 de
1275 1913 1412 1955 Geris
1446 1926 1477 1966 y
1505 1914 1545 1954 61
1566 1915 1687 1965 prio-

47 1988 162 2029 rado
183 1989 239 2029 de
260 1987 355 2029 San
384 1987 535 2028 Pedro
563 1987 619 2027 de
647 1988 718 2027 las
745 1986 962 2027 Arcadas
990 1985 1019 2037 ⁵,
1049 1998 1081 2037 y
1110 1997 1204 2026 una
1231 1986 1490 2037 capellania
1521 1985 1686 2036 simple

48 2072 135 2111 que
156 2059 265 2100 todo
295 2071 344 2100 es
371 2071 490 2111 poca
520 2070 652 2109 cosa,
685 2069 801 2109 pues
832 2056 1097 2098 teniendolo
1129 2057 1169 2097 61
1199 2055 1335 2096 dicho
1364 2054 1501 2096 Abad
1535 2055 1679 2106 Puch,

47 2134 203 2172 estara
223 2130 369 2182 mejor
388 2130 576 2171 tratado
598 2141 685 2181 que
707 2128 903 2170 estando
926 2141 983 2169 en
1010 2129 1051 2168 61
1073 2133 1281 2168 secresto
1304 2125 1319 2145 ⁴
1342 2138 1478 2167 como
1506 2127 1550 2167 10
1579 2130 1678 2167 esta

47 2213 214 2254 agora‚
250 2214 453 2254 porques
486 2213 600 2253 muy
628 2200 866 2242 honrrado
898 2200 1091 2240 hombre
1119 2212 1150 2251 y
1177 2211 1289 2250 muy
1321 2198 1443 2238 buen
1471 2198 1685 2238 eclesias-

99 2385 108 2405 ί
148 2385 181 2413 Is
196 2386 312 2413 ordine
327 2391 360 2413 et
377 2386 545 2421 dignitate
561 2385 690 2420 primus
713 2393 730 2412 e
755 2385 970 2412 Secretariis
985 2383 1099 2411 Caroli
1114 2382 1146 2409 V
1161 2383 1224 2410 fuit
1240 2385 1272 2409 et
1284 2382 1373 2416 apud
1390 2389 1465 2408 eum
1480 2382 1596 2416 gratia
1611 2382 1682 2416 plu-

47 2431 167 2460 rimum
182 2433 304 2460 valuit.
319 2432 428 2460 Notus
442 2438 493 2460 est
508 2432 574 2466 eis,
595 2432 650 2467 qui
666 2432 780 2459 Caroli
802 2431 834 2459 V
850 2435 951 2466 gesta
973 2434 1153 2463 noverunt,
1176 2433 1209 2457 et
1226 2430 1264 2456 de
1288 2436 1326 2456 eo
1347 2428 1484 2463 saepius
1507 2429 1540 2456 in
1561 2428 1689 2456 nostris

47 2478 264 2507 Mommmms
280 2480 373 2508 facta
390 2484 443 2508 est
459 2484 491 2507 et
505 2479 563 2508 fiet
577 2480 715 2507 mentio.

98 2526 111 2546 2
149 2526 304 2555 Nondum
325 2527 479 2555 Gandiae
500 2527 671 2555 Ducatum
693 2527 828 2555 adierat
850 2525 1055 2554 Franciscus
1077 2525 1220 2560 Borgia;
1244 2525 1318 2552 ideo
1344 2532 1419 2552 eum
1440 2523 1610 2558 Marques
1630 2523 1687 2557 (de

49 2573 217 2609 Lombay)
233 2576 305 2610 ejus
319 2583 405 2602 uxor
418 2576 581 2610 appellat,
596 2579 630 2603 et
645 2575 793 2610 seipsam
808 2575 840 2602 in
853 2575 1048 2602 litterarum
1063 2573 1311 2606 subscriptione
1327 2571 1379 2599 La
1391 2572 1596 2606 AIarquesa.

97 2621 112 2642 3
149 2622 275 2650 Nullibi
290 2622 324 2650 in
339 2622 506 2657 Hispania
520 2623 709 2657 reperimus
724 2622 848 2657 oppida
860 2643 866 2653 ,
879 2629 964 2656 quae
979 2621 1032 2648 his
1048 2620 1237 2648 nominibus
1254 2620 1356 2647 Geris
1371 2623 1405 2647 et
1428 2619 1500 2646 San
1515 2619 1629 2646 Pedro
1644 2619 1688 2646 de

45 2669 100 2696 las
113 2669 274 2697 Arcadas
288 2669 530 2704 respondeant.
544 2669 608 2696 Est
626 2669 762 2704 quidem
776 2669 809 2696 in
823 2668 1002 2703 provincia
1023 2667 1174 2701 Ilerdae,
1189 2666 1403 2701 principatus
1419 2665 1671 2692 Cathalauniae

49 2717 205 2751 oppidum
218 2718 334 2751 Cerri,
349 2717 460 2752 ibique
476 2717 612 2744 saeculo
627 2724 687 2743 xvx
701 2717 845 2744 florebat
862 2716 1028 2750 quaedam
1043 2714 1288 2742 Monachorum
1299 2713 1434 2741 Ordinis
1447 2712 1564 2740 Sancti
1580 2711 1684 2738 Bene-

48 2763 129 2792 dicti
144 2765 308 2792 Abbatia.
324 2764 418 2798 Quod
433 2764 461 2792 si
475 2772 544 2792 vox
561 2764 663 2791 Gerz's
686 2764 740 2791 hie
763 2771 823 2798 pro
841 2763 946 2790 Cerri
965 2762 1078 2797 posita
1102 2766 1163 2796 est,
1181 2766 1259 2788 tunc
1274 2760 1484 2795 probabilius
1505 2759 1588 2787 illud
1610 2758 1684 2785 San

47 2808 159 2837 Pedro
178 2811 287 2838 delas
301 2810 463 2838 Arcadas
477 2810 624 2844 positum
636 2813 688 2837 est
702 2817 762 2844 pro
778 2809 847 2836 San
858 2809 966 2836 Pedro
979 2809 1019 2836 de
1040 2808 1201 2840 Arcalz'z,
1217 2808 1303 2842 quod
1319 2807 1440 2842 oppido
1457 2807 1561 2834 Gerrz‘
1573 2806 1685 2840 proxi-

48 2864 135 2885 mum
150 2862 213 2886 est.
228 2858 393 2886 Fatemur
408 2862 524 2886 tamen
538 2861 788 2892 argumentum,
804 2865 846 2884 ex
865 2858 1016 2884 locorum
1031 2856 1208 2884 vicinitate
1224 2855 1415 2888 deductum,
1432 2861 1553 2889 parum
1571 2853 1604 2880 in
1619 2853 1683 2880 hac

48 2912 95 2939 re,
111 2905 188 2933 dum
203 2906 242 2933 de
257 2906 393 2933 saeculo
405 2913 465 2933 xv1
480 2905 605 2940 agitur,
622 2905 752 2939 valere;
769 2908 848 2932 tunc
860 2905 949 2931 enim
964 2904 1020 2931 uni
1035 2904 1209 2938 eidemque
1224 2904 1341 2938 plura,
1357 2902 1463 2930 etiam
1477 2901 1578 2929 valde
1595 2900 1685 2927 inter

45 2958 80 2978 se
96 2953 226 2987 dissita,
243 2953 411 2987 beneficia
427 2953 701 2980 conferebantur.

97 3001 112 3021 4
149 3000 242 3028 Nunc
258 3000 383 3028 dicitur
398 3003 589 3033 secuestro,
605 3001 710 3028 latine
726 3002 962 3043 sequestrum.
