1969 3293
736 246 867 272 INDEX
894 246 1247 273 DOCUMENTORUM
1738 235 1808 272 8233

1697 330 1798 364 Pags.

178 400 379 440 Domina
400 400 549 441 Maria
570 401 799 452 Euriquez
823 402 878 441 de
900 402 1047 452 Luna,
1071 401 1282 442 Gandiae
1304 402 1506 442 Ducissa
1519 432 1662 441 ......
1724 402 1803 442 233

178 471 402 512 Ultimum
418 478 745 512 testamentum
758 472 986 512 Dominae
1004 472 1181 512 Mariae
1198 473 1429 525 Enriquez
1445 473 1500 513 de
1518 473 1665 513 Luna.
1725 473 1805 512 240

178 542 380 582 Domina
401 542 716 582 Elisabeth'de
738 543 875 594 Borja
898 549 942 582 et
965 543 1212 594 EuriqueZ,
1236 544 1428 584 secundi
1460 542 1673 584 Gandiae

228 612 375 653 Ducis
396 612 487 653 filia
496 643 1662 654 ............................................
1723 614 1803 654 ‘244

177 683 560 732 Exhortationes,
585 697 701 736 quas
724 685 781 725 ad
803 685 1074 725 monialium
1094 685 1459 735 institutionem,
1483 685 1674 736 propria

230 766 371 795 manu
393 757 611 796 exaravit
632 756 776 796 Soror
797 756 1053 796 Francisca
1075 768 1102 795 a
1122 755 1256 808 Jesu,
1280 755 1534 796 Abbatissa
1546 786 1664 796 .....
1731 756 1810 796 251)

179 826 251 866 ΠΙ.
276 826 504 867 Dominus
524 827 731 879 Joannes
753 827 807 867 de
830 826 969 878 Borja
991 833 1035 866 et
1063 827 1292 877 Enriquez
1305 856 1448 866 ......
1468 856 1475 861 .
1496 858 1667 866 .......
1731 828 1808 868 264

177 898 387 949 Epistola
409 898 595 938 Domini
616 898 810 951 Joannis
832 898 886 938 de
915 897 1057 949 Borja
1079 897 1139 937 ad
1158 898 1529 949 Imperatorem..
1549 930 1555 936 .
1630 930 1637 936 .
1657 930 1665 937 .
1726 898 1805 938 ‘265

177 968 361 1008 Primae
384 969 509 1008 circa
531 969 643 1009 Divi
664 969 907 1009 Francisci
924 967 1192 1020 conjugium
1219 969 1475 1019 gestiones
1496 999 1504 1007 .
1523 960 1546 1008 ,¹
1551 999 1666 1008 .....
1729 969 1808 1009 260

179 1040 416 1091 Epistolae
443 1040 764 1092 Imperatoris,
797 1039 954 1080 Caroli
978 1039 1040 1090 V,
1064 1039 1122 1079 ad
1151 1039 1209 1079 HI
1238 1038 1449 1079 Gandiae
1471 1040 1666 1080 Ducem.
1725 1041 1803 1081 267

177 1110 287 1151 Piae
310 1098 604 1152 fundationes
627 1112 749 1151 tertii
771 1111 916 1151 Ducis
938 1110 1240 1151 Gandiensis.
1261 1141 1266 1147 .
1288 1141 1294 1147 .
1313 1143 1321 1150 .
1342 1143 1348 1148 .
1367 1143 1374 1150 .
1394 1141 1401 1148 .
1422 1142 1428 1148 .
1447 1141 1455 1148 .
1476 1142 1482 1148 .
1501 1142 1509 1149 .
1529 1143 1536 1150 .
1553 1139 1562 1147 .
1580 1142 1587 1149 .
1607 1143 1614 1150 .
1634 1143 1641 1150 .
1662 1143 1670 1149 .
1732 1112 1812 1152 268

179 1166 461 1223 Constitutio
482 1195 567 1234 pro
589 1183 897 1234 eleemosynis
920 1181 1131 1222 Gandiae
1160 1181 1218 1221 ad
1238 1194 1497 1233 pauperum
1528 1183 1678 1223 suble-

231 1253 468 1293 vationem
485 1254 759 1304 colligendis
772 1284 1455 1292 ..........................
1474 1285 1479 1289 .
1500 1284 1670 1291 .......
1733 1254 1802 1294 27]

178 1324 259 1364 D.a
279 1325 461 1377 Joanna
479 1324 535 1364 de
552 1325 763 1375 Aragon,
783 1323 945 1364 Sancti
960 1324 1202 1364 Francisci
1219 1324 1275 1364 de
1293 1324 1431 1376 Boi-ja
1449 1331 1614 1375 mater,
1633 1332 1677 1364 et

231 1394 403 1445 conjux
422 1395 546 1435 tertii
569 1395 780 1435 Gandiae
798 1395 943 1435 Ducis
955 1424 1505 1435 .....................
1525 1427 1527 1430 ⁴
1548 1425 1556 1432 .
1576 1426 1583 1433 .
1657 1426 1665 1435 .
1728 1395 1807 1435 275

178 1465 260 1505 1351
282 1465 344 1505 Fr
349 1467 539 1506 ancisca
556 1466 611 1506 de
633 1466 800 1506 Castio
823 1474 865 1506 et
889 1466 944 1506 de
966 1466 1120 1516 pinos,
1141 1465 1310 1553 conjux
1328 1466 1531 1506 secunda
1550 1467 1674 1506 teitii

212 1536 377 1577 Ducis
395 1537 450 1577 G
455 1537 676 1577 indiensis
688 1567 1669 1578 ....................................
1730 1538 1808 1578 277

178 1608 386 1659 Epistola
410 1608 465 1648 D
474 1615 512 1634 ³1²
533 1609 596 1648 F1
601 1610 757 1649 ancisc
763 1620 817 1648 ae
839 1609 894 1648 de
916 1609 963 1649 C
957 1616 1107 1659 istiffo
1131 1608 1302 1649 Duciss
1308 1621 1362 1649 ae
1389 1610 1445 1649 Ge
1448 1610 1671 1649 malensis

228 1679 419 1729 viduae,
443 1679 502 1719 ad
522 1679 785 1731 Philippum
806 1679 844 1720 Π
852 1708 1664 1720 ...............................
1730 1680 1810 1720 279

176 1749 439 1790 Concordia
456 1750 576 1790 inter
592 1750 657 1790 [V
675 1749 855 1790 Ducem
873 1750 1100 1802 Gandiae,
1119 1750 1425 1791 Franciscum
1443 1750 1498 1790 de
1514 1751 1670 1803 Borja,

229 1826 273 1860 et
295 1819 392 1871 ejus
412 1833 667 1861 novercam
689 1822 800 1861 inita
814 1851 1661 1862 ................................
1728 1822 1809 1862 280

175 1892 493 1932 Inventarium
514 1893 741 1932 bonorum
760 1894 995 1933 mobilium
1019 1906 1044 1933 a
1076 1900 1270 1944 parente
1301 1892 1461 1933 Sancti
1484 1893 1673 1934 Franci-

231 1957 298 2003 sci
325 1963 379 2003 de.
402 1963 540 2014 Borja
563 1964 830 2004 relictorum
844 1994 1664 2003 ..............................
1726 1963 1804 2004 288

177 2033 257 2073 IV.
282 2034 512 2075 Dominus
532 2034 815 2075 Franciscus
837 2037 892 2076 de
914 2034 1051 2086 Borja
1072 2041 1115 2075 et
1131 2035 1329 2086 Aragon
1336 2066 1665 2075 .............
1728 2035 1803 2075 301

179 2105 380 2157 Philippi
407 2107 485 2156 HI,
510 2107 650 2157 Regis
678 2107 954 2158 Hispaniae,
980 2107 1177 2158 epistola
1208 2106 1266 2146 ad
1289 2118 1423 2146 suum
1445 2106 1673 2158 Legatum

232 2177 423 2227 Romae,
446 2184 496 2218 ut
518 2178 921 2218 canonizationem
942 2179 992 2218 13.
1016 2177 1259 2217 Francisci
1279 2179 1480 2228 postulet
1500 2207 1670 2218 .......
1731 2177 1806 2218 301

176 2248 314 2298 Acta,
339 2249 503 2300 quibus
524 2248 724 2289 Sanctus
743 2249 1025 2289 Franciscus
1047 2248 1102 2288 de
1130 2247 1271 2299 Borja
1301 2248 1347 2288 in
1374 2249 1679 2300 praecipuum

232 2319 488 2359 Patronum
509 2332 535 2359 a
556 2321 702 2360 variis
724 2320 905 2372 oppidis
933 2320 1212 2360 Gandiensis
1234 2319 1448 2359 Ducatus
1469 2320 1671 2370 eligitur.
1729 2320 1808 2360 302

178 2391 236 2431 V.
262 2391 491 2431 Dominus
514 2391 712 2432 Carolus
733 2392 788 2432 de
810 2391 949 2443 Eorja
971 2399 1014 2431 et
1036 2390 1202 2431 Castro
1221 2420 1670 2430 .................
1732 2391 1811 2432 305

178 2461 474 2502 Connubium
494 2462 551 2502 D.
577 2462 733 2502 Caroli
753 2462 807 2502 de
829 2462 969 2514 Borja
987 2492 1670 2501 ..........................
1733 2462 1812 2503 306

179 2532 626 2573 Animadversiones
644 2545 670 2572 a
687 2531 861 2573 Sancto
877 2533 1133 2573 Francisco
1152 2533 1207 2573 de
1224 2531 1362 2583 Borja
1379 2532 1470 2572 filio
1488 2545 1572 2573 suo
1590 2533 1674 2574 Ca-

230 2605 331 2643 rolo
353 2603 505 2650 datae,
530 2611 781 2655 antequam
803 2617 827 2644 e
848 2603 1104 2645 Gandiensi
1124 2603 1310 2643 Ducatu
1334 2603 1615 2643 discederet.
1635 2633 1669 2643 ..
1732 2604 1810 2644 307

178 2673 428 2714 Abdicatio
467 2673 679 2715 Ducatus
714 2675 993 2715 Gandiensis
1031 2687 1057 2715 a
1092 2674 1266 2715 Sancto
1307 2674 1564 2714 Francisco
1602 2686 1677 2726 pe-

230 2752 361 2785 racta
370 2773 1670 2786 .................................................
1730 2745 1810 2787 309

175 2815 327 2866 Ipsius
350 2816 657 2857 abdicationis
679 2828 705 2856 a
726 2817 818 2857 filio
843 2816 1013 2858 Carolo
1030 2816 1293 2867 acceptatio
1308 2845 1668 2855 ..............
1731 2816 1811 2856 310

176 2884 327 2937 Hujus
348 2887 612 2928 documenti
633 2888 876 2949 hispanica
897 2888 1052 2928 versio
1065 2916 1669 2927 .......................
1731 2887 1805 2928 311

174 2957 384 3008 Epistola
402 2957 600 3010 Philippi
617 2958 655 2999 II
672 2959 730 2999 ad
750 2958 807 2999 D.
829 2959 1049 2999 Carolum
1066 2958 1122 2998 de
1138 2958 1276 3010 Borja
1285 2987 1670 2998 ...............
1732 2958 1811 2998 313

174 3027 280 3068 hilii
302 3028 345 3069 V
365 3029 511 3069 Ducis
532 3029 744 3070 Gandiae
765 3057 1670 3069 ..................................
1731 3029 1811 3069 313
