1969 3293
206 212 278 248 4132
773 208 816 246 S.
845 207 1080 244 FRANCIsCI
1108 205 1281 244 Romus.

285 307 355 345 En
377 305 521 345 Santa
542 303 682 344 Clara
703 304 760 343 de
783 302 989 353 Gaudia,
1014 302 1177 342 ultimo
1200 302 1256 342 de
1278 301 1487 352 Agost0‚
1513 305 1604 341 ano
1632 300 1748 340 1569.

286 377 356 417 De
378 375 462 416 V.'¹¹
482 375 596 415 ΚΜ
617 373 901 414 Paternidad
923 374 1080 414 sierva
1102 386 1131 425 y
1153 384 1264 424 muy
1286 372 1530 412 obediente
1548 370 1643 423 hija
1661 383 1749 424 que
1768 383 1852 411 sus

207 449 340 488 R.¹¹¹²¹S
362 458 528 486 manos
548 447 684 496 beso,

1048 515 1142 556 SOR
1172 515 1338 555 MARI'A
1370 514 1634 555 GABRIELA.

290 660 915 714 Superscmptio.=A1R.m0
937 659 1088 701 Senos
1109 661 1152 699 el
1172 659 1324 699 Padre
1353 630 1611 698 Francisco
1633 656 1689 697 de
1710 655 1851 707 Borja

210 735 271 774 mi
294 733 454 783 Sefior,
478 732 681 772 General
702 731 758 772 de
779 733 824 772 la
845 731 1105 783 Compania
1127 731 1182 771 de
1203 731 1361 783 JesuS,
1387 741 1444 769 en
1468 728 1634 769 Roma.

335 1161 574 1202 PETRUS
603 1158 964 1201 LUDOVICUS
996 1157 1340 1199 GALCERAN
1369 1156 1454 1197 DE
1483 1154 1719 1196 BORGIA

827 1315 884 1342 ET
906 1314 1080 1341 CASTRO
1104 1313 1232 1341 PINOS

292 1590 380 1629 Hic
402 1589 637 1629 secundus
657 1595 770 1629 natu
792 1588 912 1629 filius
933 1588 1019 1628 fuit
1035 1587 1231 1640 Joannis
1252 1585 1308 1625 de
1330 1585 1521 1636 Borgia,
1542 1582 1771 1635 hujusque
1793 1595 1859 1624 se-

219 1662 402 1702 cundae
422 1661 599 1713 uxoris,
624 1661 774 1701 Dnae.
798 1659 1084 1700 Franciscae
1107 1657 1163 1698 de
1185 1657 1354 1698 Castro
1377 1662 1422 1696 et
1443 1656 1598 1696 Pinos.

291 1733 440 1774 Natus
462 1739 530 1773 est
552 1744 675 1772 anno
702 1731 816 1772 1528.

291 1805 383 1845 22²²
409 1804 623 1858 Januarii
656 1803 779 1855 1540,
803 1802 1064 1844 duodennis
1107 1801 1284 1849 adhuc,
1317 1798 1468 1850 Major
1503 1798 1859 1839 Commendata-

213 1877 309 1916 rius
330 1877 524 1916 illustris
541 1876 730 1916 Ordinis
746 1874 1006 1915 Montesiae
1035 1879 1222 1914 creatus
1249 1878 1318 1912 est
1348 1872 1405 1912 ab
1438 1883 1492 1911 eo
1514 1871 1592 1923 qui
1619 1876 1731 1911 tunc
1754 1875 1864 1910 tem-

214 1948 341 1999 poris
377 1948 708 1998 magistratum
738 1946 945 1998 ejusdem
976 1944 1166 1986 Ordinis
1197 1955 1469 1996 supremum
1499 1943 1707 1994 tenebat,
1739 1942 1862 1992 Frey

215 2020 335 2060 Dno.
368 2019 627 2059 Francisco
658 2019 850 2059 Llansol
871 2017 926 2057 de
947 2016 1162 2058 Romani.
1186 2016 1237 2056 In
1259 2027 1313 2056 ea
1335 2021 1493 2055 autem
1515 2013 1709 2066 Majoris
1729 2013 1861 2053 Com-

214 2091 495 2131 mendatarii
516 2090 746 2141 dignitate
768 2089 1182 2142 praedecessorem
1216 2086 1401 2137 habuit,
1431 2091 1481 2126 ut
1505 2084 1601 2136 jam
1629 2096 1772 2136 supra
1801 2084 1864 2124 di-

214 2169 341 2202 ctum
362 2168 447 2211 est,
472 2161 667 2202 fratrem
688 2173 823 2201 suum
844 2160 1019 2201 Dnum.
1044 2159 1269 2200 Enricum
1294 2158 1470 2209 Borgia
1492 2162 1536 2197 et
1557 2156 1768 2207 Aragon,
1788 2154 1868 2207 qui

214 2245 320 2274 cum
341 2233 607 2274 Cardinalis
629 2232 934 2273 renunciatus
955 2237 1040 2283 est,
1065 2231 1143 2271 illa
1165 2241 1214 2270 se
1238 2229 1467 2280 dignitate
1489 2228 1808 2268 abdicaverat.

294 2305 405 2345 Post
425 2304 618 2345 biduum
639 2316 768 2355 verO,
793 2303 988 2352 scilicet,
1007 2302 1100 2350 2451
1121 2301 1227 2355 Jan.
1254 2299 1463 2351 ejusdem
1486 2299 1596 2339 anni
1621 2297 1736 2350 1540,
1756 2309 1867 2349 quo-

216 2376 341 2416 niam
359 2375 546 2427 juvenis
567 2375 705 2415 nimis
727 2380 829 2415 erat
849 2386 1016 2414 recens
1038 2378 1226 2413 creatus
1249 2370 1705 2421 Commendatarius‚
1730 2368 1867 2409 datus

218 2447 259 2487 ei
288 2447 376 2487 fuit
411 2453 692 2498 procurator
719 2446 1009 2486 Licentiatus
1038 2445 1161 2496 Frey
1189 2443 1476 2483 Franciscus
1506 2441 1688 2490 Conca,
1724 2441 1868 2480 eccle-

218 2519 315 2559 siae
341 2517 502 2558 Sancti
538 2517 731 2569 Georgii
764 2517 914 2568 Prior,
944 2516 1023 2568 qui
1054 2514 1152 2566 ejus
1180 2514 1369 2555 nomine
1400 2513 1659 2553 locationes
1685 2512 1868 2563 aliaque

218 2588 483 2641 hujusmodi
504 2589 694 2641 negotia
716 2589 966 2630 conficeret
996 2593 1041 2627 et
1071 2586 1206 2627 bonis
1239 2583 1868 2640 Commendatarioumuneri

219 2661 436 2712 adnexis,
461 2673 515 2700 ea
537 2667 664 2701 recte
685 2658 1082 2709 administrando,
1107 2657 1415 2710 prospiceret.
1450 2654 1599 2695 Simul
1625 2654 1788 2705 etiam,
1820 2659 1869 2693 ut

219 2733 362 2773 totius
398 2731 588 2772 Ordinis
617 2731 835 2783 Magistri
869 2731 998 2771 vices
1025 2734 1234 2781 gereret,
1264 2726 1386 2780 quod
1417 2738 1533 2767 onus
1565 2725 1870 2766 Commenda-

221 2804 392 2844 tariam
432 2803 710 2854 dignitatem
745 2803 1080 2852 comitabatur,
1119 2812 1202 2852 per
1237 2798 1474 2851 publicum
1509 2797 1870 2837 instrumentum

224 2876 282 2915 1.a
313 2874 532 2916 Octobris
566 2874 663 2913 1541
695 2874 944 2914 Valentiae
980 2873 1155 2923 datum,
1181 2871 1456 2921 designatus
1492 2874 1562 2909 est
1591 2868 1671 2920 qui
1698 2867 1870 2919 oppida

221 2946 467 2987 Benicarlo
496 2951 540 2985 et
567 2945 776 2986 Vinaroz
811 2945 858 2985 in
889 2943 1225 2985 Commendam
1261 2940 1520 2991 obtinebat,
1557 2939 1683 2991 Frey
1717 2937 1866 2979 Dnus

222 3018 541 3068 Hieronymus
562 3015 716 3056 Pardo
739 3015 794 3055 de
817 3016 861 3055 la
883 3015 1045 3056 Casta.
