2063 3283
655 234 887 272 APPEme
916 235 1102 281 QUARTA
1630 230 1700 268 299

65 331 316 373 Francisco
338 331 395 371 de
416 331 591 382 Borgia
611 332 732 372 Duci
768 332 950 373 Gandie
986 338 1030 372 et
1063 330 1325 372 Marchioni
1342 330 1398 369 de
1415 327 1626 378 Lombay
1648 333 1698 367 ut

65 403 143 444 alii
163 414 221 442 ex
247 402 664 442 manumissoribus
686 409 730 444 et
765 403 1093 443 executoribus
1128 401 1278 442 ultimi
1311 398 1578 440 testamenti
1598 409 1699 449 pre—

63 473 176 514 dicti
194 472 310 512 Ill.mi
338 473 529 513 Domini
545 473 739 526 Joannis
774 474 829 514 de
866 474 1038 525 Borgia
1076 473 1169 525 (qui
1199 471 1325 522 obiit)
1347 470 1493 510 Ducis
1517 468 1698 509 Gandie

65 543 154 584 viri
175 543 328 583 nostri
347 543 588 595 patrisque
609 545 769 594 vestri,
794 545 901 584 licet
922 544 1117 593 absenti,
1142 548 1300 583 vestro
1320 541 1502 582 notario
1525 546 1696 590 tamen,

65 614 198 654 vobis
226 613 571 664 stipulantibus,
605 615 740 655 vobis
776 621 820 654 et
840 615 1026 665 vestris,
1050 626 1122 654 me
1143 614 1315 654 habere
1344 618 1389 652 et
1408 618 1566 652 tenere
1587 617 1631 651 et
1652 611 1700 650 in

66 696 203 736 posse
223 691 385 724 nostro
406 697 650 725 remanere
671 698 729 726 ex
749 686 881 726 bonis
903 692 946 726 et
974 686 1232 725 hereditate
1259 683 1456 736 predicti
1472 681 1586 723 Ill.mi
1607 681 1699 733 (qui

65 755 190 805 obiit)
216 754 362 795 Ducis
385 755 567 795 Gandie
588 756 678 795 viri
698 757 848 796 nostri
884 762 1132 807 argentum
1160 756 1259 796 sive
1284 756 1407 795 bona
1428 753 1620 794 movilia
1641 765 1699 792 ex

64 832 258 876 argento
282 826 495 866 confecta
517 839 575 867 ex
595 827 667 866 his
688 838 776 878 que
810 827 944 866 nobis
980 833 1023 867 et
1059 827 1183 867 dicto
1219 826 1410 877 egregio
1443 824 1582 864 Petro
1609 824 1697 863 Lu-

63 896 229 937 douico
250 897 548 937 Galcerando
570 897 626 937 de
647 898 821 948 Borgia
842 898 933 937 filio
968 903 1130 938 nostro
1153 909 1234 947 per
1262 897 1437 936 dictum
1456 895 1549 946 (qui
1570 895 1698 944 obiit)

66 967 190 1007 Ill.um
217 968 398 1008 Ducem
418 967 599 1008 Gandie
621 980 727 1008 cum
763 968 972 1019 predicto
1009 980 1093 1008 suo
1124 968 1285 1007 ultimo
1316 972 1595 1006 testamento
1616 978 1700 1017 per

64 1039 318 1079 discretum
338 1039 515 1078 Lucam
538 1039 768 1092 Joannem
790 1039 1027 1079 Riudaura
1049 1039 1284 1078 notarium
1312 1038 1602 1078 valentinum
1630 1048 1698 1076 re-

67 1116 200 1161 cepto
221 1110 304 1149 sub
326 1110 399 1149 die
420 1110 644 1150 vicesima
666 1116 835 1150 octaua
855 1110 1029 1150 mensis
1046 1109 1422 1150 Febroariianno
1441 1121 1467 1148 a
1483 1108 1588 1147 Nat.
1608 1107 1700 1147 Do-

67 1180 180 1220 mini
207 1180 450 1220 Millesimo
487 1180 860 1232 quingentesimo
896 1181 1136 1221 tricesimo
1171 1185 1339 1220 octauo
1372 1185 1416 1219 et
1449 1185 1554 1231 post
1589 1179 1700 1218 dicti

67 1251 372 1291 Illustrissimi
391 1252 632 1291 testatoris
654 1258 851 1292 mortem
872 1264 956 1303 per
980 1252 1234 1291 discretum
1264 1250 1590 1291 Sebastianum
1616 1249 1699 1290 Ca-

66 1321 234 1361 macho
269 1322 507 1362 notarium
535 1323 825 1363 valentinum
847 1328 896 1362 ut
930 1328 1157 1373 regenten
1189 1322 1332 1361 libros
1355 1321 1553 1373 predicti
1574 1321 1699 1361 Luce

65 1393 257 1445 Joannis
277 1392 518 1433 Riudaura
538 1394 774 1434 notarium
794 1394 1029 1446 publicato
1053 1393 1137 1434 sub
1159 1394 1232 1433 die
1252 1393 1404 1444 prima
1424 1393 1598 1433 mensis
1615 1392 1699 1432 Fe-

63 1463 237 1503 broarii
275 1464 386 1504 anni
413 1464 648 1505 millesimi
682 1465 1042 1516 quingentesimi
1069 1464 1419 1516 quadragesimi
1449 1464 1590 1514 tertii,
1630 1475 1698 1503 re-

65 1533 172 1575 licta
191 1534 392 1586 fuerunt,
417 1535 613 1576 dimissa
635 1542 773 1588 atque
808 1537 978 1587 legata.
1013 1536 1113 1586 Que
1143 1535 1329 1587 quidem
1360 1535 1483 1576 bona
1513 1534 1702 1575 mobilia

65 1612 288 1656 argentea
309 1612 416 1646 sunt
437 1606 672 1659 descripta
693 1614 738 1648 et
759 1608 1033 1648 continuata
1054 1607 1215 1658 lingua
1235 1612 1397 1647 nostra
1418 1612 1633 1647 materna
1655 1607 1702 1646 in

56 1675 264 1728 quodam
284 1678 544 1718 memoriali
566 1679 778 1719 thenoris
800 1678 1060 1731 sequentis:

723 2032 1055 2073 MEMORIAL

69 2292 159 2322 DEL
170 2281 356 2322 ARGENT
371 2294 431 2321 DE
448 2294 509 2321 LA
521 2293 735 2321 CAPELLA
748 2294 777 2320 Y
794 2294 947 2321 ALTRE
964 2292 1152 2321 ARGENT
1168 2291 1259 2325 QUE
1274 2289 1464 2319 DAUALL
1480 2289 1565 2317 STA
1577 2289 1708 2318 SCRIT

119 2365 208 2398 QUE
230 2365 296 2393 HA
316 2364 427 2392 PRES
449 2364 511 2392 LA
532 2358 674 2392 ILL.MA
702 2355 883 2392 SENORA
904 2364 1116 2397 DUQUESA
1137 2362 1285 2390 VIUDA
1306 2361 1337 2389 Y
1359 2361 1543 2394 AQUELL
1569 2360 1626 2387 TE
1644 2361 1705 2389 EN

119 2435 204 2464 SON
227 2436 391 2465 PODER.

148 2672 303 2712 Primo
324 2683 418 2712 una
439 2683 551 2712 creu
573 2671 629 2711 de
650 2676 818 2722 argent
834 2671 972 2711 sobre
993 2669 1220 2710 daurada:
1239 2680 1354 2721 pesa
1381 2674 1477 2709 tres
1497 2666 1704 2717 marchs,

70 2752 162 2782 una
183 2754 314 2794 onza,
338 2754 402 2783 un
421 2747 575 2794 quart.

147 2813 262 2854 Item
288 2813 384 2854 hun
416 2819 555 2866 porta
588 2825 682 2865 pau
716 2813 772 2854 de
807 2819 973 2864 argent
1007 2813 1190 2853 daurat:
1227 2823 1341 2864 pesa
1375 2809 1461 2850 dos
1496 2808 1704 2859 marchs,

62 2883 206 2925 ¹<einch
226 2896 381 2935 onzes,
406 2884 490 2925 dos
510 2890 688 2936 quarts.

149 2954 263 2995 Item
283 2955 400 2995 altre
419 2961 558 3006 porta
577 2966 671 3007 pau
690 2966 789 2996 mes
811 2954 949 2995 chich
969 2955 1025 2996 de
1046 2960 1214 3006 argent
1241 2952 1549 2993 sobredaurat
1577 2961 1701 3001 quey

72 3023 220 3065 haura
239 3025 363 3076 poch
381 3036 480 3065 mes
501 3037 528 3065 o
550 3036 715 3077 menys
736 3037 830 3066 una
852 3037 970 3066 onza
991 3025 1048 3066 de
1069 3030 1255 3077 argent.
