1969 3293
700 120 814 156 ALIA
842 130 1100 156 DOCUMENTA
1176 126 1179 129 “
1648 119 1710 155 601

815 358 984 398 ACTA

85 521 214 555 Quibus
229 520 375 553 Joannes
389 519 428 546 de
448 518 551 553 BorJa
566 517 719 545 Gandiae
735 516 782 544 111
799 517 871 544 Dux
889 517 954 544 filio
970 525 1029 544 suo
1059 518 1090 543 S.
1119 517 1301 544 Francisco
1325 517 1518 544 venditione
1546 517 1652 544 tradit
1677 525 1717 543 ex

335 576 433 607 parte
445 571 583 599 dimidia
598 571 759 598 ditionem
775 570 876 604 vulgo
893 570 1019 597 dictam
1035 570 1193 596 Barom'a
1209 571 1251 596 de
1268 569 1421 604 Lombay
1439 570 1459 596 ¹.

171 715 257 756 Die
290 715 472 756 sabbati
506 714 686 755 decima
722 726 844 753 nona
884 714 1009 766 Junii
1049 725 1171 752 anno
1211 726 1236 752 a
1272 712 1528 753 Nativitate
1568 712 1717 752 Domi-

91 787 138 826 ni
160 786 387 827 MDXXV
397 786 490 826 ΙΙΠ.
1181 785 1185 789 ’

105 928 350 968 Vendicion
374 928 616 978 otorgada
633 933 726 978 por
753 927 793 966 el
824 928 902 966 δν.
934 928 994 966 D.
1033 927 1167 978 suan
1197 927 1252 965 de
1282 926 1437 976 Borja
1472 927 1636 977 Daque
1665 927 1720 965 de

96 999 283 1040 Gaudia
304 1011 360 1039 en
371 999 530 1049 favor
549 997 605 1038 dd
625 1010 682 1038 su
705 998 802 1049 lzzjo
826 999 886 1037 D.
915 997 1168 1037 Francz‘sco
1191 997 1245 1036 de
1267 997 1422 1047 Borjcz
1438 1009 1493 1036 en
1508 997 1556 1036 la
1573 997 1721 1037 mitad

89 1071 149 1111 de
167 1070 216 1110 la
248 1070 453 1110 Varom'a
474 1069 487 1088 ²
509 1070 565 1109 de
585 1070 794 1119 Lomhczy
811 1081 844 1119 y
866 1080 951 1108 sus
972 1068 1189 1118 lagares.

173 1143 224 1182 In
243 1141 520 1193 Jesuchristi
541 1139 729 1191 ejusque
746 1139 999 1180 Genitrieis
1016 1139 1230 1190 Virginis
1255 1139 1429 1179 Mariae
1459 1140 1723 1179 nominibus

97 1212 332 1254 humiliter
367 1211 650 1263 imploratis,
683 1216 843 1262 pateat
872 1210 1128 1260 universis,
1163 1210 1287 1261 quod
1316 1222 1401 1249 nos
1434 1211 1640 1262 Joannes
1671 1211 1725 1250 de

96 1283 238 1335 Borja
260 1283 354 1323 dux
375 1281 586 1323 Gandiae
607 1281 807 1321 seientes
828 1280 949 1320 enim
971 1280 1264 1321 attendentes
1285 1287 1330 1320 et
1357 1281 1722 1328 considerantes,

154 1421 161 1440 ¹
202 1420 255 1447 Ex
270 1419 436 1446 Arclzivio
451 1418 575 1445 domus
590 1417 633 1444 de
647 1417 842 1444 Navarra&

154 1469 167 1487 “-’
212 1467 364 1494 Varonz'a
381 1470 414 1493 et
429 1471 548 1500 postea
563 1465 682 1491 melius
697 1464 867 1491 Emonia.
885 1464 1004 1497 “Baro,
1021 1464 1047 1490 si
1064 1464 1097 1491 in
1111 1471 1236 1498 genere
1252 1465 1495 1498 consideretur,
1513 1467 1728 1499 comprehem

103 1516 152 1542 dit
167 1523 282 1542 omnes
297 1514 396 1541 feuda
412 1518 575 1545 tenentes,
591 1512 693 1539 etiam
709 1512 735 1538 si
751 1512 916 1546 majorem
937 1512 1087 1538 habeant
1107 1511 1316 1545 dignitatem,
1326 1520 1425 1546 quam
1448 1513 1652 1541 Baronalem
1664 1535 1670 1547 ,
1692 1518 1727 1541 ut

98 1569 178 1590 sunt
195 1562 379 1596 Principes,
397 1561 518 1593 Duces,
534 1560 783 1587 Marchiones...
799 1559 834 1586 In
848 1559 962 1593 specie
977 1566 1059 1586 vero
1075 1560 1130 1586 ille
1146 1560 1282 1594 proprie
1298 1560 1421 1588 dieitur
1436 1561 1542 1595 Baro,
1559 1562 1613 1596 qui
1625 1563 1729 1589 habet

103 1610 273 1642 Castrum,
290 1617 349 1636 seu
365 1608 488 1636 Castra
503 1609 612 1641 plura.
628 1609 689 1634 sub
706 1615 740 1634 se
756 1607 932 1634 continens
947 1607 1064 1639 feuda,
1084 1610 1292 1641 quaternata
1306 1608 1359 1641 (in
1375 1610 1653 1643 quaternionibus
1673 1617 1730 1637 seu

101 1658 197 1686 libris
211 1657 296 1691 regii
314 1656 429 1683 telonii
446 1655 622 1689 inscripta)
637 1655 821 1682 secundum
842 1654 936 1688 quid,
959 1662 1044 1688 quae
1066 1655 1146 1682 licet
1170 1655 1259 1682 inter
1282 1663 1317 1682 se
1338 1656 1493 1690 diversa,
1510 1661 1542 1684 et
1570 1658 1732 1685 distincta

103 1706 181 1739 sint,
198 1705 334 1739 integra
358 1708 473 1731 tamen
495 1703 705 1730 constituunt
726 1701 960 1729 Baroutam...
983 1701 1169 1736 Improprie
1192 1706 1307 1730 tamen
1330 1708 1439 1737 esset,
1456 1705 1482 1731 si
1505 1706 1578 1738 quis
1601 1708 1733 1733 teneret

101 1753 239 1781 feudum
254 1760 329 1779 cum
345 1751 497 1782 x'asalli5,
514 1757 633 1777 verum
648 1758 713 1777 non
728 1753 818 1777 esset
834 1757 894 1783 per
911 1749 1039 1784 Regem
1060 1754 1212 1777 erectum
1234 1751 1264 1777 in
1281 1751 1484 1786 Barouiarn,
1506 1760 1567 1779 nec
1589 1753 1732 1781 haberet

107 1801 168 1829 sub
182 1808 217 1828 se
232 1800 331 1827 feuda
347 1803 564 1833 quaternata.
578 1797 842 1832 Impropiissime
857 1797 991 1824 demum
1011 1798 1261 1831 nuncupabitur
1275 1799 1330 1833 qui
1352 1799 1487 1826 feudum
1506 1800 1575 1827 sine
1593 1801 1734 1829 vasallis

103 1849 234 1881 habet.„
250 1847 323 1874 Dox
339 1846 470 1874 GAR<1A
483 1845 689 1879 MASTmLLo,
705 1844 757 1872 De
773 1844 1154 1878 Magistratibus,1.1v,
1171 1853 1198 1873 e.
1222 1845 1499 1880 1.—“Fignraban
1521 1856 1561 1875 en
1584 1849 1734 1883 primera

105 1896 194 1923 h'nea
209 1896 259 1922 105
273 1894 551 1925 ticos-hombres,
568 1900 630 1927 que
646 1900 728 1920 eran
743 1893 792 1920 105
807 1896 986 1926 magnates
1007 1892 1046 1919 de
1063 1893 1096 1919 la
1110 1893 1183 1920 alta
1207 1894 1362 1926 nobleza,
1387 1903 1409 1930 y
1423 1900 1519 1922 entre
1542 1897 1681 1930 quienes
1699 1902 1734 1923 se

103 1944 293 1977 repartian.
311 1943 417 1976 segun
431 1941 461 1968 el
476 1941 570 1968 fuero
585 1940 625 1967 de
642 1939 823 1974 Sobrarbe,
839 1941 890 1967 las
906 1940 1031 1967 tierras
1047 1940 1289 1974 conquistadas
1304 1943 1324 1968 a
1336 1942 1385 1968 los
1397 1950 1542 1970 moros...
1555 1943 1619 1971 Sus
1630 1943 1735 1978 privi-

104 1992 212 2025 leg-ios
227 1990 413 2024 especiales
428 1997 448 2024 y
463 1989 514 2015 las
530 1988 679 2023 grandes
693 1988 849 2022 riquezas
864 1996 926 2022 que
942 1989 1092 2014 sacaban
1107 1988 1146 2014 de
1162 1995 1218 2015 sus
1234 1988 1361 2022 feudos,
1377 1990 1425 2017 les
1440 1990 1550 2018 daban
1568 1999 1611 2019 un
1631 1991 1736 2026 podet

105 2039 266 2071 inmenso,
281 2037 436 2071 superior
450 2037 594 2070 aig-unas
609 2043 710 2063 veces
726 2037 759 2063 al
774 2036 827 2062 del
842 2036 960 2062 mismo
975 2036 1154 2069 soberano‚
1168 2043 1249 2070 pues
1261 2036 1438 2069 disponian
1453 2038 1493 2065 de
1507 2039 1655 2072 grandes
1666 2046 1735 2067 ma-

106 2093 163 2114 sas
177 2086 218 2113 de
233 2085 396 2119 vasallos,
413 2084 589 2117 obl·gados
603 2085 623 2111 a
638 2084 805 2117 seguirles
819 2091 860 2110 en
875 2085 908 2110 la
924 2089 1061 2117 guerra,
1077 2090 1118 2110 en
1133 2091 1219 2119 cuyo
1235 2091 1315 2111 caso
1330 2092 1413 2112 eran
1440 2086 1655 2114 mantenidos
1674 2095 1736 2122 por

108 2135 137 2161 el
151 2135 252 2161 senor
266 2133 392 2166 feudati,
408 2140 430 2168 y
444 2136 516 2159 esto
533 2132 801 2166 representaban
816 2131 866 2158 las
881 2130 1039 2158 calderas
1055 2138 1117 2164 que
1134 2132 1200 2158 ann
1215 2138 1250 2158 se
1266 2133 1436 2160 observan
1451 2141 1489 2160 en
1507 2133 1632 2162 ciertos
1643 2143 1737 2162 escu-

109 2182 167 2209 dos
181 2180 414 2208 nobiliarios...
430 2179 497 2207 Los
513 2179 771 2207 ricos-hombres
788 2178 978 2205 heredados
993 2186 1033 2205 en
1047 2178 1232 2212 ValenCIa,
1248 2187 1289 2206 no
1311 2180 1516 2208 aleanzaron
1540 2189 1650 2210 nunca
1674 2183 1738 2210 for-

109 2234 211 2257 tunas
225 2233 284 2256 tan
300 2228 505 2255 fabulosas..
522 2226 772 2260 Conservaron,
788 2234 830 2253 no
846 2227 1013 2257 obstante,
1030 2226 1175 2260 algunas
1190 2227 1459 2260 preeminencias
1474 2230 1634 2262 sociales,
1651 2232 1671 2257 a
1691 2238 1742 2258 se-

110 2276 265 2311 mejanza
279 2275 384 2302 delos
398 2276 487 2302 ricos
501 2275 660 2302 hombres
675 2274 714 2301 de
730 2274 908 2307 Aragon...
923 2273 1018 2300 Eran
1033 2276 1126 2300 estos
1141 2281 1181 2300 en
1198 2274 1350 2308 Arag6n‚
1366 2283 1408 2303 no
1423 2277 1493 2303 solo
1508 2278 1558 2304 los
1574 2277 1740 2311 primeros

111 2324 276 2352 caudillos
293 2330 333 2350 en
349 2324 383 2350 la
398 2323 536 2354 milicia,
550 2322 622 2349 sino
639 2322 789 2349 tambie'n
804 2322 855 2348 105
869 2321 1064 2355 conseJeros
1079 2322 1132 2348 del
1149 2329 1226 2358 rey‚
1241 2330 1262 2357 y
1278 2322 1454 2356 disponian
1469 2324 1508 2351 de
1526 2326 1575 2352 los
1590 2326 1740 2354 destinos

110 2371 164 2398 del
180 2371 308 2398 Estado
324 2370 493 2405 presidido
506 2377 568 2404 por
582 2370 614 2396 el
629 2376 825 2397 monarca...
841 2368 894 2396 En
909 2369 938 2396 el
955 2369 1112 2403 lenguaje
1129 2370 1228 2396 usual
1240 2369 1420 2403 designase
1431 2374 1666 2401 comtinrnente
1678 2382 1741 2402 con

111 2420 144 2447 la
159 2419 304 2454 palabra
319 2419 482 2449 barones,
496 2419 516 2444 a
531 2419 622 2444 estos
637 2425 659 2453 y
674 2418 694 2444 a
709 2417 758 2444 105
773 2416 1049 2449 ticos-hommes,
1066 2424 1152 2450 para
1168 2418 1393 2451 comprendet·
1407 2426 1446 2445 en
1462 2427 1528 2447 una
1544 2420 1664 2448 misma
1679 2429 1740 2448 voz

112 2469 132 2494 a
146 2467 179 2494 la
194 2468 267 2493 alta
283 2467 458 2493 nobleza...
472 2465 596 2495 Habia.
608 2465 660 2492 sin
675 2465 849 2498 embargo,
866 2465 993 2498 alguna
1009 2464 1180 2491 distancia
1196 2470 1292 2492 entre
1309 2466 1358 2493 los
1372 2467 1518 2495 barones
1539 2476 1559 2502 y
1576 2469 1626 2496 los
1641 2470 1743 2497 ricos-

111 2515 281 2548 hombres,
298 2521 393 2541 como
409 2521 525 2541 vernos
539 2514 606 2540 aun
620 2514 687 2548 hoy
701 2517 798 2540 entre
814 2513 863 2540 los
879 2513 997 2540 titulos
1013 2512 1052 2539 de
1069 2512 1213 2540 Castilla
1228 2516 1246 2540 6
1261 2513 1314 2541 del
1331 2514 1423 2542 reino
1437 2523 1459 2550 y
1474 2520 1569 2544 entre
1583 2517 1631 2544 105
1643 2525 1744 2552 gran-

113 2563 170 2589 des
185 2562 225 2589 de
243 2561 390 2596 Espana;
407 2568 489 2595 pues
504 2562 552 2587 los
569 2560 830 2587 ricosrhombres
845 2560 986 2594 dejaron
999 2560 1098 2593 aquel
1115 2561 1215 2587 titulo
1232 2568 1292 2594 por
1304 2562 1333 2588 el
1346 2561 1386 2589 de
1398 2563 1566 2596 grandes,
1581 2565 1745 2592 mientxras

112 2610 162 2636 los
175 2610 321 2636 barones
337 2609 534 2643 equivalian
549 2608 582 2635 al
597 2608 635 2634 de
652 2608 776 2635 condes
791 2610 809 2635 6
825 2615 1022 2642 marqueses
1037 2629 1042 2641 ,
1059 2608 1110 2635 sin
1132 2609 1165 2635 la
1180 2608 1354 2642 grandeza
1378 2617 1440 2644 que
1466 2613 1690 2646 corresponde
1712 2614 1745 2640 al

113 2658 215 2684 titulo
229 2657 268 2684 de
284 2656 576 2683 ticos-hombres...
589 2654 640 2682 La
654 2655 864 2690 agrupacion
879 2655 919 2682 de
935 2655 1052 2683 varios
1068 2656 1209 2690 pueblos
1223 2656 1301 2691 bajo
1317 2657 1347 2683 el
1368 2657 1514 2685 dominio
1531 2659 1570 2686 de
1585 2667 1629 2687 un
1647 2663 1746 2688 senor

113 2704 238 2737 feudal,
255 2704 395 2731 llevaba
409 2704 439 2730 el
454 2704 592 2730 nombre
608 2703 648 2729 de
665 2702 826 2734 baronia,
841 2710 861 2736 y
878 2710 938 2730 era
959 2703 1135 2730 necesario
1158 2710 1245 2737 para
1268 2707 1380 2732 tomar
1394 2705 1425 2732 el
1453 2707 1553 2733 titulo
1577 2707 1616 2734 de
1632 2709 1750 2737 baron.

114 2751 271 2779 fundarlo
286 2759 327 2778 en
340 2752 372 2778 el
386 2752 525 2778 nombre
540 2750 580 2777 de
595 2750 700 2781 algua
715 2749 890 2777 territorio
906 2750 945 2777 de
961 2758 1000 2777 su
1017 2749 1214 2784 propiedad,
1232 2752 1283 2778 asi
1298 2758 1393 2779 como
1409 2756 1504 2780 otras
1519 2762 1621 2781 veces
1636 2756 1748 2783 daban

115 2806 155 2826 su
168 2800 306 2826 nombre
322 2801 340 2826 6
355 2798 441 2826 eide
456 2806 495 2825 su
509 2798 610 2825 titulo
625 2798 659 2825 al
674 2798 795 2832 pueblo
811 2798 851 2824 de
867 2805 905 2824 su
922 2798 1097 2825 territorio
1113 2800 1130 2825 6
1145 2799 1165 2825 a
1181 2798 1213 2825 la
1226 2800 1352 2826 eabeza
1368 2800 1407 2827 de
1419 2808 1458 2828 su
1471 2809 1582 2830 nueva
1594 2804 1748 2836 baronia,

119 2847 250 2874 cuando
265 2847 297 2873 el
312 2846 523 2881 propietario
537 2846 638 2880 podia
659 2849 816 2872 ostentat
837 2852 882 2872 un
905 2845 1006 2872 titulo
1022 2845 1061 2872 de
1082 2846 1222 2880 antiguo
1244 2848 1447 2882 abolengo...
1469 2849 1636 2877 Nuestras
1657 2851 1750 2880 leves

117 2901 288 2928 expresan
304 2894 354 2921 los
368 2893 533 2920 derechos
547 2892 749 2920 concedidos
765 2895 784 2919 a
800 2893 850 2919 los
865 2893 1010 2919 barones
1027 2897 1182 2927 respecto
1195 2893 1234 2920 de
1246 2901 1303 2922 sus
1314 2896 1480 2928 vasallos.
1497 2898 1595 2925 sobre
1612 2899 1661 2925 105
1676 2881 1751 2925 oua-

121 2941 170 2968 les
185 2941 321 2975 ejereen
333 2940 553 2975 jurisdieci6n
568 2940 649 2967 civil
663 2949 684 2976 y
700 2940 865 2969 criminal:
887 2942 904 2966 6
930 2947 1023 2967 mero
1047 2948 1069 2975 y
1084 2940 1191 2968 mixto
1215 2941 1372 2977 imperio.
1396 2943 1447 2971 No
1470 2946 1696 2981 contribuyen
1717 2948 1749 2973 al
