1969 3293
225 192 297 229 024
793 194 835 231 S.
867 195 1104 233 FRANCISCI
1132 196 1306 235 BORoiA

229 288 341 328 anni
374 288 607 328 millesimi
645 289 1007 341 quingentesimi
1043 286 1333 344 octogesimi,
1371 295 1537 345 quibus
1571 296 1786 348 capitulis
1815 304 1864 338 ut

226 359 339 399 fides
374 359 544 410 ubique
580 359 879 413 adhibeatur,
916 362 991 403 hic
1026 375 1100 404 me
1135 365 1377 405 subscribo
1412 372 1456 405 et
1491 378 1645 406 meum
1677 368 1863 410 solitum

225 429 364 470 officii
386 430 476 470 mei
496 431 762 472 notariatus
784 444 969 484 appono
991 435 1064 487 sig
1082 439 1124 483 ›1‹
1143 448 1268 476 num.

542 717 889 759 ELISABETH
918 719 1153 761 BORGIA
1181 721 1260 761 ET
1290 720 1532 763 CASTRO

299 930 430 971 Haec
453 943 477 971 e
496 931 679 972 filiabus
700 933 942 974 Francisci
964 940 1009 974 et
1035 935 1297 975 Eleonorae
1324 942 1437 975 natu
1466 936 1706 988 grandior,
1737 949 1860 979 anno

222 1001 324 1042 1532
344 1003 547 1053 ineunte,
571 1003 874 1057 Methymnae
896 1005 1061 1057 Campi
1082 1013 1193 1047 nata
1215 1013 1305 1058 est,
1330 1007 1407 1048 ubi
1425 1005 1523 1058 ejus
1541 1014 1759 1059 parentes
1775 1009 1858 1049 Im-

215 1074 503 1123 peratricem
531 1075 773 1117 Elisabeth
804 1077 1083 1118 comitantes
1110 1078 1243 1130 eique
1277 1078 1558 1119 famulantes
1585 1085 1695 1119 tunc
1723 1080 1856 1132 dege-

215 1145 341 1186 bant.
365 1145 437 1186 De
466 1146 564 1198 ejus
587 1153 691 1187 ortu
713 1148 777 1188 ita
799 1147 1094 1189 CIENFUEGOS
1120 1149 1152 1190 ¹:
1188 1150 1265 1190 “El
1293 1154 1382 1190 ano
1405 1150 1461 1190 de
1481 1149 1534 1189 32
1556 1151 1622 1190 les
1644 1151 1779 1191 nacio
1802 1163 1859 1192 en

220 1216 407 1257 Medina
429 1217 502 1258 del
524 1217 702 1270 Campo
725 1220 908 1260 adonde
930 1221 1126 1260 estaban
1144 1233 1231 1261 con
1252 1222 1297 1261 la
1315 1221 1436 1262 Casa
1454 1221 1589 1272 Real‚
1614 1221 1750 1262 Dona
1767 1222 1857 1263 Isa-

216 1288 289 1328 bel
311 1288 368 1328 de
390 1288 545 1340 Borja,
570 1301 658 1342 que
681 1295 791 1331 caso
813 1303 901 1331 con
918 1291 1025 1332 Don
1041 1292 1299 1332 Francisco
1318 1293 1373 1333 de
1391 1292 1533 1344 Rojas
1554 1306 1585 1345 y
1601 1292 1854 1345 Sandoval,

214 1360 374 1401 Conde
395 1361 452 1401 de
472 1361 665 1412 Lerma,
688 1375 719 1414 y
735 1362 812 1403 fue
831 1363 994 1403 madre
1011 1363 1085 1404 del
1106 1364 1326 1416 Marque's
1343 1365 1399 1405 de
1419 1365 1586 1416 Dema,
1612 1358 1779 1417 Duque
1801 1366 1857 1407 de

212 1431 399 1481 Lerma,
422 1446 453 1484 y
476 1433 532 1473 de
555 1434 624 1474 las
645 1434 874 1475 condesas
896 1434 952 1475 de
972 1435 1143 1475 Lemus
1164 1449 1195 1487 y
1209 1436 1441 1476 Altamira
1460 1449 1490 1488 y
1507 1437 1563 1476 de
1580 1436 1637 1477 D.
1660 1436 1781 1490 Juan
1799 1438 1855 1478 de

212 1502 453 1544 Sandoval
475 1517 506 1556 y
528 1503 683 1556 Borja.
707 1504 855 1546 Desta
887 1506 996 1546 nina
1026 1507 1264 1558 quisieron
1292 1507 1498 1548 tambien
1525 1519 1600 1548 ser
1631 1508 1854 1560 padrinos

210 1575 251 1614 cl
272 1574 567 1627 Emperador
588 1589 619 1628 y
639 1577 684 1617 la
711 1576 1026 1629 Emperatriz‚
1061 1590 1148 1629 que
1177 1590 1264 1630 por
1286 1591 1365 1618 eso
1388 1591 1437 1619 se
1468 1580 1606 1619 llamo
1634 1579 1798 1629 Isabel,
1822 1593 1853 1632 y

211 1646 288 1686 sue
310 1646 514 1698 siempre
536 1647 847 1689 tiernamente
869 1649 1039 1689 amada
1062 1650 1117 1689 de
1139 1662 1194 1690 su
1214 1661 1334 1701 gran
1356 1651 1613 1700 madi-ina„

289 1717 575 1758 Franciscus
609 1719 718 1759 huic
752 1719 874 1760 filiae
909 1720 1015 1761 dote
1050 1720 1175 1761 dedit
1212 1721 1437 1762 tredecim
1470 1722 1625 1763 decies
1655 1728 1851 1763 centena

208 1790 522 1830 teruntiorum
563 1790 706 1830 millia
748 1791 890 1841 (trece
929 1798 1124 1832 cuentos
1165 1793 1221 1833 de
1261 1794 1570 1844 maravedis)‚
1604 1806 1686 1834 seu
1718 1793 1852 1834 36400

207 1861 352 1901 libras
373 1862 590 1913 regaliun
611 1863 975 1903 valentinorum.
998 1863 1067 1904 Ita
1089 1870 1273 1904 constat
1295 1865 1342 1904 in
1365 1864 1590 1917 Capitulis
1612 1865 1848 1906 Matrimo-

206 1932 423 1981 nialibus‚
457 1944 577 1985 quae
605 1932 856 1974 Valentiae
883 1935 1091 1986 reperies
1118 1935 1166 1975 in
1199 1936 1411 1986 generali
1442 1935 1594 1987 Regni
1620 1936 1849 1977 Archivio

208 2004 539 2053 (illamzments
555 2016 589 2055 y
610 2005 1052 2056 Empares-I636
1062 2039 1069 2053 ,
1090 2006 1209 2046 libro
1229 2007 1338 2057 3.0).
1358 2007 1606 2048 Praedicta
1629 2008 1847 2059 Capz'tula

206 2075 594 2116 ilsatrz'mom‘czlia
629 2082 826 2117 exarata
867 2083 911 2117 et
948 2077 1136 2129 signata
1170 2085 1277 2118 sunt
1313 2078 1549 2130 Gandiae,
1585 2078 1676 2119 2522
1711 2079 1846 2120 Octo-

204 2147 302 2187 bris
323 2146 437 2188 1548.

287 2218 359 2259 De
381 2217 518 2270 hujus
540 2220 825 2260 matrimonii
855 2221 1168 2261 celebratione
1196 2221 1313 2261 haec
1334 2228 1498 2262 narrat
1520 2221 1569 2262 Ρ.
1595 2221 1849 2263 D10stms

210 2288 463 2336 VAZQUEz:
492 2290 616 2332 “Con
647 2292 688 2331 el
716 2290 877 2332 Conde
905 2292 961 2332 de
994 2292 1166 2332 Lerma
1194 2296 1304 2332 caso
1334 2296 1359 2333 a
1387 2293 1470 2333 ΒΡ
1497 2293 1645 2333 Isabel
1673 2305 1728 2333 su
1756 2292 1848 2344 hija

205 2373 372 2413 mayor
393 2375 424 2414 y
446 2363 490 2402 al
512 2361 734 2414 Marques
755 2363 812 2403 de
838 2362 1092 2404 Alcafiices
1114 2364 1188 2404 dio
1210 2367 1237 2404 a
1260 2364 1344 2404 D.a
1369 2365 1521 2418 Juana
1544 2365 1599 2404 de
1634 2364 1845 2416 Aragon,

205 2444 294 2483 que
315 2445 395 2473 era
417 2434 460 2473 la
484 2433 710 2485 segunda.
742 2433 938 2475 Dotolas
965 2447 1077 2487 muy
1106 2436 1426 2476 liberalmente
1458 2448 1592 2476 como
1613 2436 1657 2476 lo
1688 2448 1847 2488 reque-

206 2505 277 2544 ria
299 2505 343 2544 la
372 2505 557 2545 calidad
587 2506 643 2546 de
670 2506 740 2546 los
770 2505 978 2547 maridos
1007 2519 1038 2558 y
1060 2507 1116 2547 de
1142 2508 1212 2547 las
1241 2507 1493 2548 doncellas.
1512 2507 1567 2547 ‘Y
1594 2519 1654 2547 no
1690 2506 1847 2559 dejare

207 2577 319 2627 :iqui
341 2576 396 2616 de
425 2583 590 2617 contar
610 2578 654 2617 lo
677 2589 767 2629 que
788 2581 815 2618 a
842 2579 905 2618 mi
927 2590 1001 2618 me
1029 2578 1122 2631 dijo
1145 2580 1185 2619 el
1216 2579 1437 2631 Marques
1460 2580 1516 2619 de
1543 2579 1716 2630 Denia,
1740 2578 1847 2620 Don

205 2645 464 2688 Francisco
486 2648 541 2688 de
563 2647 721 2700 Rojas,
757 2661 846 2701 que
875 2650 917 2689 le
947 2650 1189 2690 acontecio
1218 2662 1306 2691 con
1337 2651 1379 2690 el
1399 2650 1566 2702 Duque
1595 2662 1649 2691 su
1676 2661 1847 2702 suegro

206 2729 263 2757 en
286 2719 327 2758 el
349 2719 654 2771 casamiento,
679 2733 709 2772 y
727 2732 777 2760 es
794 2731 881 2772 que
899 2720 1133 2762 habiendo
1151 2722 1192 2762 el
1210 2722 1412 2762 deseado
1429 2735 1459 2774 y
1476 2721 1742 2773 procurado
1759 2734 1845 2774 por

206 2789 402 2829 muchos
424 2790 525 2830 dias
553 2802 691 2831 casar
721 2803 809 2832 con
831 2791 914 2832 D.a
940 2791 1106 2844 Isabel,
1130 2792 1223 2844 hija
1253 2793 1325 2833 del
1351 2793 1539 2845 Duque,
1570 2793 1753 2833 cuando
1780 2793 1844 2832 vi-

205 2860 369 2900 nieron
392 2864 417 2900 a
440 2862 691 2913 cumpiirse
712 2863 784 2903 los
806 2863 1070 2904 conciertos
1087 2877 1118 2916 y
1135 2864 1312 2905 hechas
1332 2876 1393 2917 ya
1412 2866 1481 2905 las
1499 2865 1754 2905 escrituras
1771 2865 1845 2905 del

264 3021 271 3040 ¹
320 3021 407 3048 tha
425 3022 481 3048 del
496 3022 632 3054 grande
650 3022 681 3048 S.
698 3022 767 3048 Fra
785 3023 888 3050 :cssco
904 3023 946 3050 de
962 3023 1082 3058 Borsa,
1100 3025 1120 3051 1.
1137 3031 1162 3058 ι,
1180 3032 1207 3051 c.
1224 3032 1254 3051 x.
