2063 3283
338 233 403 270 174
719 231 951 267 BORGIANA
979 239 1161 269 FAMnnA
1187 229 1331 267 REGm
1346 231 1603 270 *VALENTINI

337 338 436 380 tae,
469 328 542 369 die
576 328 814 379 gloriosae
843 327 1194 378 Assumptionis
1223 327 1417 378 reginae
1447 328 1566 369 coeli
1599 328 1710 369 dum
1744 329 1983 372 dictarum

339 401 384 451 (f.
409 398 694 448 divinarum)
716 398 966 438 missarum
988 397 1247 450 solempnia
1269 405 1537 450 agerentur,
1560 411 1643 451 per
1665 406 1845 441 certum
1864 412 1977 443 nun-

337 472 462 511 cium
484 469 758 510 denunciari
779 469 930 509 voluit
950 481 1032 521 per
1063 475 1278 510 nostrum
1306 470 1590 511 catholicum
1615 471 1877 523 principem
1903 472 1980 517 ‚dor

337 542 513 581 minum
535 551 697 591 regem
717 540 1112 581 reverendissimo
1133 540 1321 581 domino
1349 541 1561 593 Leguato
1589 542 1818 583 intentum
1846 554 1982 585 suum

336 619 385 653 ut
416 612 559 652 michi
589 611 645 651 de
677 612 876 652 ecclesia
902 612 1092 652 Valent.
1124 612 1418 664 provideret:
1450 613 1529 664 qui
1559 613 1724 654 eadem
1751 614 1868 654 hora
1895 614 1980 655 fuit

336 683 474 723 valde
503 689 771 734 contentus,
803 689 848 723 et
874 684 1177 735 praecedenti
1205 683 1343 724 solita
1369 683 1721 734 informatione,
1753 685 1822 725 eri
1850 686 1981 737 prius

336 760 579 806 assumpto
597 755 761 795 ordine
777 755 1179 807 praesbyteratus,
1194 755 1336 795 michi
1350 755 1558 807 providit
1574 755 1630 796 de
1646 756 1749 808 ipsa
1765 757 1981 809 ecclesia,

334 831 379 866 et
399 837 495 875 me,
514 825 622 866 licet
643 826 948 877 immeritum,
971 826 1295 879 pronuntiavit
1315 825 1521 878 ejusdem
1543 827 1770 868 ecclesiae
1790 839 1978 879 praesu-

334 898 446 949 lem,
470 903 515 938 et
537 904 790 950 pastorem.
814 898 966 939 Hodie
988 898 1036 938 in
1065 897 1164 950 ejus
1190 899 1460 950 praesentia
1490 905 1560 938 est
1586 898 1730 939 michi
1759 899 1981 941 collatum

335 980 503 1010 munus
541 971 928 1011 consecrationis.
965 970 1155 1011 Placeat
1190 970 1441 1021 altissimo,
1478 976 1524 1010 et
1554 970 1652 1022 ejus
1680 970 1978 1011 beatissimae

334 1040 584 1093 Genitrici‚
607 1048 658 1082 ut
679 1037 836 1082 taliter
857 1042 1057 1082 ecclesia
1077 1041 1320 1093 praedicta
1339 1042 1642 1093 gubernetur,
1675 1042 1801 1094 quod
1830 1042 1878 1082 in
1906 1043 1978 1083 die

328 1111 490 1163 judicii
508 1113 564 1153 de
586 1114 762 1153 talento
786 1113 927 1153 michi
944 1113 1211 1164 commisso,
1230 1119 1369 1164 prout
1390 1124 1542 1165 spero,
1566 1112 1778 1155 debitam,
1788 1114 1974 1155 valeam

332 1184 528 1225 reddere
549 1185 797 1225 rationem.
821 1184 1088 1226 Laudarem
1109 1192 1159 1225 ut
1179 1185 1286 1225 inde
1306 1184 1469 1225 fierent
1491 1185 1693 1225 devotae
1716 1185 1974 1237 processio—

330 1267 429 1307 nes,
453 1262 504 1296 ut
524 1256 705 1296 meritis
723 1256 1031 1297 intemeratae
1049 1256 1250 1307 virginis
1265 1257 1516 1308 gloriosae,
1540 1268 1659 1308 quae
1681 1257 1729 1297 in
1749 1267 1835 1297 sua
1855 1257 1977 1308 prin—

332 1326 475 1378 cipali
495 1328 838 1379 solempnitate,
857 1339 977 1380 quae
999 1334 1140 1380 caput
1160 1334 1230 1368 est
1247 1328 1394 1380 ipsius
1410 1328 1652 1379 ecclesiae,
1673 1334 1718 1368 et
1739 1327 1838 1379 ejus
1854 1334 1977 1368 octa-

335 1398 427 1449 vis,
454 1399 620 1451 dieque
641 1399 773 1440 Beati
795 1399 1026 1439 Bernardi
1046 1398 1255 1450 ejusdem
1276 1400 1433 1440 devoti
1465 1399 1783 1440 concinatoris
1805 1399 1851 1450 (f.
1875 1410 1982 1439 cona

336 1470 618 1521 remeato-ms)
640 1483 667 1510 a
688 1470 936 1512 Salvatore
964 1478 1126 1511 nostro
1154 1471 1352 1523 optinuit
1378 1470 1619 1523 provideri
1646 1477 1807 1511 tantae
1834 1472 1975 1511 eccle-

332 1542 431 1582 siae
453 1542 509 1582 de
530 1549 741 1594 pastore,
773 1543 831 1582 ab
861 1542 963 1594 ipsa
991 1542 1183 1582 civitate
1211 1549 1254 1582 et
1281 1542 1457 1582 diocesi
1483 1554 1729 1582 removere
1760 1542 1983 1594 dignetur-

332 1620 513 1664 pestem
532 1614 839 1665 mortiferam,
860 1620 904 1653 et
926 1614 1155 1654 concedat
1174 1625 1340 1665 pacem
1355 1614 1414 1653 ad
1436 1613 1535 1665 ejus
1555 1613 1756 1664 laudem,
1776 1619 1821 1654 et
1836 1613 1977 1654 hono-

333 1696 433 1725 rem
453 1685 831 1725 christianissimi
851 1685 1077 1737 principis
1099 1685 1263 1725 nostri:
1281 1685 1507 1725 habentes
1523 1685 1696 1725 bonam
1712 1684 1977 1726 inDomino

332 1755 664 1797 confidentiam
686 1756 811 1808 quod
831 1755 1051 1797 exaudiet
1070 1768 1236 1808 preces
1265 1762 1467 1796 nostras.
1497 1755 1731 1807 Michique
1763 1756 1977 1798 scribatis

335 1829 379 1868 in
399 1829 638 1880 omnibus,
662 1840 782 1880 quae
803 1827 1016 1868 videritis
1039 1834 1308 1880 opportuna
1328 1827 1418 1879 ipsi
1439 1827 1687 1878 ecclesiae,
1711 1827 1759 1867 in
1780 1839 1871 1879 qua
1898 1839 1975 1880 pa·

332 1900 491 1940 bulum
511 1900 663 1940 sancti
693 1900 915 1952 baptismi
937 1900 1185 1951 assumpsi.
1210 1898 1424 1951 Scriptae
1446 1898 1723 1939 Paniscolae
1744 1899 1856 1940 XXI
1883 1900 1973 1940 Au—

330 1972 472 2022 gusti.
496 1971 597 2012 Vos
619 1971 821 2011 Domine
843 1971 1039 2011 oficialis
1069 1971 1190 2011 infra
1220 1970 1505 2011 oficialatum
1535 1971 1652 2010 haec
1678 1970 1975 2015 denunciate,

334 2042 406 2083 Ad
427 2044 721 2083 voluntatem
741 2048 952 2083 vestram
973 2048 1218 2094 promptus
1239 2042 1296 2083 A.
1321 2042 1569 2094 episcopus
1592 2042 1780 2085 Valent.

408 2114 503 2155 Los
535 2115 760 2155 Prelados
796 2115 851 2155 de
885 2115 931 2154 la
965 2114 1142 2154 familia
1176 2113 1316 2165 Borja
1352 2126 1410 2154 en
1439 2115 1484 2154 la
1514 2113 1632 2154 Sede
1661 2113 1717 2154 de
1746 2113 1975 2154 Valencia

333 2186 517 2227 fueron:

414 2258 473 2298 1.0
535 2258 595 2298 D.
627 2258 836 2308 Alfonso
866 2259 922 2298 de
952 2258 1127 2309 Barsa,
1161 2258 1347 2298 natural
1376 2256 1432 2297 de
1458 2257 1503 2296 la
1533 2256 1681 2297 Torre
1702 2257 1759 2297 de
1780 2257 1971 2308 Canals,

331 2329 580 2370 bautizado
615 2341 673 2370 en
706 2330 751 2369 la
792 2329 959 2381 iglesia
993 2329 1196 2380 colegial
1236 2328 1293 2369 de
1325 2327 1496 2381 Jatiba.
1539 2328 1702 2368 Electo
1739 2340 1797 2369 en
1830 2328 1883 2368 20
1917 2328 1973 2369 de

332 2400 514 2452 Agosto
549 2402 605 2441 de
645 2401 745 2441 1429
780 2413 866 2453 por
901 2402 942 2441 el
968 2400 1161 2452 Legado
1189 2400 1246 2441 de
1271 2400 1475 2440 Martino
1503 2399 1562 2451 V,
1579 2399 1743 2440 ‚Pedro
1770 2400 1827 2441 de
1855 2400 1970 2441 Fox.

330 2472 572 2513 Conservo
593 2474 635 2512 el
656 2473 883 2523 gobierno
900 2473 956 2513 de
973 2478 1073 2512 esta
1094 2472 1261 2523 iglesia
1281 2471 1419 2511 hasta
1440 2471 1482 2511 el
1503 2475 1593 2511 ano
1615 2483 1673 2511 en
1695 2483 1783 2523 que
1805 2472 1970 2522 murio,

329 2543 492 2584 siendo
516 2556 578 2595 ya
598 2543 726 2595 Papa
747 2555 837 2584 con
857 2544 900 2583 el
919 2543 1113 2583 nombre
1134 2542 1191 2583 de
1213 2542 1396 2583 Calixto
1419 2541 1492 2582 ΠΙ.

407 2614 472 2654 2.0
529 2615 590 2654 D.
616 2615 841 2666 Rodrz'go
863 2615 919 2655 de
939 2615 1120 2666 Borja,
1140 2615 1327 2655 natural
1347 2614 1404 2654 de
1424 2613 1602 2666 Jatiba,
1633 2616 1783 2655 electo
1812 2626 1898 2666 por
1919 2625 1974 2655 su

326 2688 391 2726 tio
414 2686 599 2727 Calixto
621 2686 679 2726 ΠΙ
700 2699 759 2727 en
778 2686 831 2727 30
851 2687 907 2727 de
932 2686 1072 2738 Junio
1099 2686 1156 2726 de
1182 2685 1297 2726 1458.
1321 2685 1418 2726 Fue
1439 2687 1482 2726 el
1508 2685 1683 2737 primer
1705 2685 1971 2737 Arzobispo

326 2758 383 2797 de
404 2757 656 2808 Valencia,
681 2758 880 2797 elevada
907 2763 988 2797 est
980 2769 1007 2797 ι
1036 2757 1203 2808 iglesia
1233 2760 1260 2797 a
1290 2756 1652 2808 Metropolitana
1674 2768 1760 2809 por
1780 2755 1969 2801 Inocen-

326 2829 398 2869 cio
420 2828 542 2880 VIII,
570 2841 661 2869 ano
681 2828 799 2878 1492,
823 2829 900 2869 dia
919 2829 945 2868 9
966 2828 1022 2869 de
1045 2829 1186 2882 Julio.

403 2899 442 2940 3.
449 2900 468 2919 ⁰
527 2900 687 2940 Electo
708 2899 850 2941 Sumo
871 2899 1094 2940 Pontifice
1116 2900 1173 2940 D.
1197 2899 1407 2952 Rodrigo
1429 2900 1486 2941 de
1506 2898 1647 2951 Borja
1668 2911 1758 2939 con
1779 2899 1821 2942 el
1841 2910 1971 2940 nom·

327 2972 409 3012 bre
430 2971 487 3011 de
507 2970 766 3023 Alejandro
787 2971 872 3022 VI,
898 2970 973 3011 dio
1000 2972 1042 3011 el
1072 2970 1398 3023 Arzobispado
1425 2971 1481 3012 de
1501 2970 1732 3011 Valencia
1760 2973 1787 3010 a
1807 2970 1869 3010 D.
1898 2967 1971 3009 Ce'·

330 3043 495 3083 sarde
516 3042 674 3094 Borja
695 3053 754 3082 en
774 3042 821 3082 31
846 3043 903 3083 de
925 3041 1110 3093 Agosto
1132 3043 1188 3082 de
1213 3042 1330 3085 1492.
