2063 3283
277 207 347 244 310
653 205 887 242 BORGIANA
915 214 1095 240 FAMILIA
1122 203 1266 240 ΗΕΘΜ
1293 203 1540 241 VALENTlNl

902 427 1299 481 ACEPTAcioN

279 600 361 627 POR
382 598 474 626 DON
497 596 673 625 CARLOS
695 596 755 624 DE
783 597 843 624 LA
873 596 1107 623 RENUNCIA
1134 596 1226 623 DEL
1253 596 1439 624 DUCADO
1462 597 1523 624 DE
1549 589 1727 625 GANDI'A
1757 597 1914 626 HECHA

606 662 692 690 POR
714 662 767 690 SU
789 662 943 689 PADRE
965 661 1053 689 SAN
1073 662 1325 689 FRANCISCO
1347 662 1408 690 DE
1429 662 1574 696 BORJA

355 864 443 904 Die
465 876 596 904 xxnn
617 862 849 903 dictorum
871 863 1045 903 mensis
1066 868 1110 902 et
1131 863 1241 902 anni
1267 861 1291 903 ¹.

354 936 405 976 In
422 935 597 975 Christi
609 935 721 988 Jesu
733 934 920 975 nomine
937 932 1129 986 ejusque
1144 934 1307 974 divina
1319 934 1475 985 gratia
1491 934 1728 974 invocata.
1748 933 1915 975 Amen.

274 1008 503 1048 Noverint
525 1006 735 1047 universi
755 1005 877 1057 quod
899 1017 987 1057 ego
1008 1005 1117 1046 Don
1139 1005 1336 1046 Carolus
1354 1005 1409 1046 de
1426 1004 1565 1056 Borja
1581 1004 1792 1045 Marchio
1809 1006 1918 1046 ville

273 1080 331 1119 de
352 1079 566 1130 Lombay
587 1081 623 1118 &
645 1078 892 1118 attendens
914 1084 958 1117 et
981 1077 1287 1121 considerans
1315 1076 1438 1128 quod
1458 1089 1545 1117 vos
1575 1076 1919 1117 illustrissimus

274 1151 507 1190 Dominus
528 1150 635 1190 Don
656 1149 941 1190 Franciscus
963 1149 1018 1189 de
1045 1148 1186 1200 Borja
1213 1148 1307 1188 dux
1335 1148 1516 1188 Gandie
1545 1154 1679 1200 pater
1705 1154 1750 1188 et
1777 1148 1918 1188 domi-

272 1234 360 1262 nus
381 1234 512 1262 meus
534 1220 992 1262 observandissimus
1014 1220 1253 1272 cupientes
1269 1220 1455 1272 penitus
1472 1232 1559 1260 vos
1583 1220 1853 1271 mancipare
1874 1226 1918 1260 et

271 1293 492 1333 dedicare
509 1293 598 1333 Dei
617 1292 761 1333 cultui
777 1298 917 1344 atque
933 1292 1128 1332 servitio
1147 1303 1230 1343 per
1247 1292 1513 1343 ingressum
1528 1291 1769 1342 religionis
1787 1290 1918 1331 Ordi-

273 1366 345 1405 nis
367 1365 467 1405 sive
489 1364 737 1405 Societatis
758 1363 951 1404 Domini
970 1364 1082 1417 Jesu
1104 1375 1210 1403 cum
1232 1363 1541 1403 instrumento
1564 1362 1830 1402 donationis
1848 1374 1915 1403 re-

271 1437 588 1477 nunciationis
605 1441 649 1476 et
665 1434 1460 1486 relaxationisfperDominationem
1473 1440 1681 1474 vestram
1694 1445 1919 1474 concesso

273 1514 413 1560 atque
436 1507 618 1548 firmato
641 1508 688 1547 in
710 1507 880 1559 oppido
898 1507 999 1546 sive
1017 1506 1130 1546 villa
1147 1505 1203 1545 de
1221 1505 1371 1545 Onate
1388 1506 1435 1545 in
1451 1517 1588 1557 posse
1606 1517 1687 1545 seu
1704 1505 1919 1545 manibus

271 1580 465 1620 discreti
486 1580 578 1620 viri
599 1579 727 1619 Petri
743 1579 900 1630 Lopez
917 1579 960 1618 la
980 1590 1181 1629 carraga
1199 1577 1372 1617 notarii
1388 1577 1487 1617 sive
1504 1576 1655 1617 scribe
1672 1576 1919 1616 undecimo

271 1652 347 1692 die
370 1651 543 1691 mensis
565 1651 676 1691 maii
694 1657 738 1690 et
758 1650 868 1690 anni
889 1649 1123 1689 millesimi
1154 1647 1516 1700 quingentesimi
1544 1648 1920 1699 quinquagesimi

274 1724 412 1775 primi
439 1723 730 1775 presentium
759 1728 804 1762 et
830 1722 1240 1773 infrascriptorum
1269 1720 1282 1738 ‘²
1310 1720 1640 1770 renunciastis‚
1669 1720 1919 1760 relaxastis

272 1801 414 1846 atque
436 1794 649 1834 donastis
678 1793 813 1833 nobis
842 1799 1085 1845 tamquam
1106 1792 1200 1832 filio
1217 1798 1377 1832 vestro
1404 1791 1717 1843 primogenito
1745 1791 1919 1831 dictam

272 1866 436 1907 villam
459 1872 504 1906 et
525 1866 747 1906 ducatum
770 1865 953 1905 Gandie
975 1870 1019 1905 et
1037 1875 1199 1904 omnes
1217 1863 1355 1904 villas
1378 1869 1422 1903 et
1438 1864 1570 1903 locos
1587 1869 1744 1903 vestre
1762 1862 1916 1902 Domi-

272 1938 479 1978 nationis
501 1949 607 1978 cum
625 1949 787 1978 eorum
804 1935 1211 1987 jurisdictionibus
1232 1934 1490 1974 redditibus
1512 1939 1556 1974 et
1576 1934 1916 1986 emolumentis,

272 2022 379 2050 cum
415 2009 695 2061 quibusdam
725 2015 883 2048 tamen
918 2007 1137 2048 oneribus
1173 2006 1233 2047 ad
1269 2018 1358 2058 que
1392 2006 1565 2057 partim
1595 2004 1693 2057 jam
1723 2005 1916 2056 obligati

272 2093 435 2122 sumus
462 2087 506 2121 et
534 2080 706 2131 partim
733 2079 789 2120 de
817 2091 942 2120 novo
972 2084 1185 2119 tenemur
1211 2089 1298 2117 nos
1326 2077 1536 2128 obligare
1563 2083 1612 2117 ut
1640 2089 1699 2117 ex
1724 2077 1919 2117 thenore

272 2153 385 2193 dicti
402 2153 700 2193 instrumenti
717 2151 775 2192 ad
796 2151 920 2203 quod
936 2162 1022 2191 nos
1039 2150 1287 2191 referimus
1302 2149 1440 2189 latius
1458 2154 1528 2189 est
1545 2148 1720 2189 videre.
1738 2147 1918 2188 Idcirco

273 2225 468 2264 thenore
506 2224 739 2276 presentis
774 2223 948 2276 publici
975 2221 1316 2274 acceptationis
1343 2227 1389 2261 et
1416 2220 1717 2271 obligationis
1751 2220 1915 2259 instru-

275 2296 434 2347 menti,
455 2296 637 2336 cunctis
654 2301 879 2347 perpetuo
896 2293 1185 2346 temporibus
1206 2292 1397 2333 valituri
1413 2298 1457 2332 et
1474 2292 1522 2332 in
1539 2291 1695 2343 aliquo
1712 2302 1807 2331 non
1822 2291 1918 2331 vio-

276 2367 403 2407 landi
423 2378 506 2407 seu
534 2366 806 2417 revocandi,
831 2366 898 2406 eis
920 2364 1191 2405 melioribus
1218 2364 1311 2415 via,
1342 2362 1482 2403 modo
1511 2368 1555 2403 et
1574 2362 1725 2403 forma
1753 2362 1920 2414 quibus

273 2439 332 2479 de
345 2438 448 2491 jure
465 2438 565 2478 fieri
582 2444 736 2490 potest
749 2443 793 2478 et
810 2437 947 2478 debet
965 2436 1021 2476 de
1037 2436 1178 2486 facto,
1198 2435 1348 2486 gratis
1361 2441 1405 2475 et
1421 2435 1625 2475 scienter
1637 2446 1742 2474 cum
1759 2434 1918 2474 osculo

275 2521 500 2551 manuum
521 2515 679 2550 vestre
706 2508 1056 2549 Dominationis
1079 2513 1219 2558 atque
1248 2518 1353 2546 cum
1384 2505 1629 2558 multiplici
1655 2505 1918 2557 gratiarum

276 2582 476 2633 actione,
501 2586 697 2633 accepto
725 2591 869 2632 penes
890 2591 963 2620 me
982 2585 1026 2619 et
1047 2589 1178 2618 meos
1201 2578 1377 2618 dictam
1403 2577 1704 2617 donationem
1730 2576 1830 2616 sive
1851 2587 1918 2616 re-

244 2684 250 2686 ,
275 2653 628 2694 nunciationem
649 2658 694 2692 et
715 2651 1059 2712 relaxationem
1080 2661 1162 2701 per
1184 2655 1395 2689 Vestram
1410 2647 1790 2695 Dominationem
1806 2647 1918 2687 mihi

276 2726 452 2765 factam
485 2724 541 2764 de
564 2723 690 2764 dicta
711 2723 825 2763 villa
846 2728 890 2762 et
912 2722 1085 2762 ducatu
1115 2720 1298 2761 Gandie
1327 2726 1465 2772 atque
1493 2719 1549 2760 de
1575 2719 1789 2759 omnibus
1816 2719 1919 2758 aliis

274 2797 401 2838 villis
422 2796 522 2836 sive
552 2795 761 2836 baroniis
781 2800 826 2835 et
846 2794 964 2834 locis
984 2799 1142 2834 vestre
1169 2791 1532 2841 Dominationis,
1563 2802 1670 2831 cum
1699 2790 1919 2832 oneribus

331 2983 342 3004 ¹
382 2982 496 3011 Mense
512 2981 614 3015 maio,
630 2989 718 3009 anno
733 2980 919 3014 1551.-<Ex
934 2978 1149 3014 prothocollo
1164 2977 1299 3016 Notarii
1315 2976 1431 3005 Onofri
1443 2977 1547 3004 Perez
1563 2977 1602 3005 de
1618 2974 1738 3010 Cullal).

330 3032 346 3052 2
384 3031 452 3059 Sic.
469 3030 601 3058 Forsan
615 3038 677 3066 pro
693 3031 730 3058 in
742 3029 953 3065 praesentia
969 3027 1300 3063 infrascriptorum.
