1969 3293
678 130 795 167 ALtA
821 140 1083 167 DOCUMENTA
1628 127 1698 163 703

144 228 258 268 Item
291 227 348 266 ab
385 227 600 266 omnibus
635 226 723 265 illis
747 226 1028 276 octingentis
1064 225 1335 276 octuaginta
1366 223 1526 263 solidis
1556 235 1696 274 saepe

62 298 218 338 dictae
240 303 454 337 monetae
477 297 772 336 censualibus
793 328 800 345 ,
826 308 942 347 quos
963 309 1048 336 nos
1070 295 1269 336 facimus
1304 308 1357 334 ac
1395 306 1517 334 anno
1553 294 1694 344 quoli-

62 369 140 408 bet
161 368 315 408 facere
337 374 380 407 et
403 366 686 418 respondere
708 367 852 406 nobili
875 366 1093 407 Michaeli
1116 366 1299 417 Angelo
1321 365 1524 405 Castella
1543 364 1693 413 militi,

66 439 292 479 vicesima
314 437 450 477 tertia
471 437 699 477 mensium
721 437 963 476 Februarii
986 444 1029 476 et
1058 437 1282 487 Augusti,
1314 435 1573 483 mediatim,
1603 435 1695 485 qui,

68 510 376 549 instrumento
397 508 579 559 gratiae
601 508 857 558 mediante,
882 507 1046 547 redimi
1069 514 1112 547 et
1133 508 1302 559 quitari
1326 513 1519 558 possunt
1547 506 1696 557 pretio

64 579 331 632 quindecim
364 579 486 619 mille
518 578 775 618 solidorum
807 577 1045 629 praefixae
1076 584 1312 617 monetae:
1339 589 1423 617 nec
1445 588 1537 616 non
1558 576 1698 616 etiam

65 651 125 690 ab
149 650 362 690 omnibus
384 649 472 689 illis
494 649 617 688 mille
639 649 798 688 solidis
820 648 1119 700 supradictae
1141 656 1355 688 monetae
1383 647 1696 696 censualibus,

68 732 187 773 quos
209 732 294 760 nos
325 720 522 760 facimus
557 720 825 770 facereque,
859 721 1042 759 solvere
1073 731 1128 758 ac
1159 719 1442 770 respondere
1472 725 1698 767 tenemur,

68 803 192 831 anno
215 791 439 842 quolibet,
463 790 666 830 discreto
688 790 858 842 Joanni
879 789 1096 829 Suienart
1119 790 1322 839 notario,
1344 789 1594 829 vicessima
1613 795 1699 829 ter-

70 862 130 901 tia
155 861 386 901 dictorum
409 861 636 901 mensium
657 860 899 900 Februarii
927 866 970 899 et
997 859 1225 910 Augusti,
1259 861 1358 911 qui,
1391 861 1700 900 instrumento

64 932 249 983 gratiae
268 932 514 982 mediante,
535 931 697 972 redimi
717 927 759 971 et
777 931 949 983 quitari
968 937 1160 981 possunt
1178 930 1326 982 pretio
1345 931 1505 970 decem
1523 936 1701 982 septem

70 1004 192 1042 mille
227 1002 481 1043 solidorum
520 1002 757 1054 praefixae
791 1008 1026 1049 monetae,
1061 1013 1179 1052 quae
1215 1001 1400 1051 quidem
1430 1002 1701 1052 supradicta

68 1074 322 1123 censualia,
346 1074 452 1113 licet
474 1081 580 1113 sunt
603 1080 796 1113 onerata
819 1079 862 1113 et
884 1072 1118 1112 carricata
1144 1071 1152 1090 ¹
1176 1083 1258 1123 per
1280 1072 1634 1112 universitatem
1658 1079 1702 1112 et

74 1144 337 1195 singulares
372 1144 641 1196 praedictae
678 1144 815 1195 foyae
847 1155 902 1183 ac
931 1143 1186 1192 Baroniae,
1211 1144 1512 1193 locorumque
1541 1143 1700 1193 ipsius,

69 1221 257 1255 atamen
281 1215 381 1266 ipsa
404 1215 527 1254 dicta
551 1215 787 1254 censualia
809 1226 891 1265 per
913 1214 1085 1253 dictam
1108 1213 1463 1253 universitatem
1486 1219 1529 1252 et
1547 1213 1701 1264 singu-

69 1287 191 1326 lares
212 1285 225 1304 ²
248 1286 517 1325 earumdem
537 1285 724 1325 fuerunt
745 1285 935 1325 vendita
958 1291 1002 1324 et
1025 1291 1221 1324 onerata
1239 1295 1294 1324 ac
1313 1284 1368 1323 de
1385 1296 1508 1324 novo
1529 1285 1696 1335 impos-

66 1357 156 1396 sita
179 1363 223 1397 et
245 1357 478 1396 carri-cata
501 1356 559 1396 ad
582 1368 778 1408 praeces
799 1363 1007 1406 nostras,
1032 1362 1077 1395 et
1098 1367 1182 1407 pro
1212 1355 1347 1395 factis
1375 1361 1419 1395 et
1453 1355 1701 1394 necessita-

70 1428 191 1467 tibus
212 1428 405 1478 nostris,
429 1427 729 1479 ipsorumque
751 1427 933 1478 praetia
956 1438 1042 1466 nos
1073 1427 1319 1466 habuimus
1350 1432 1393 1466 et
1421 1426 1701 1477 recepimus,

69 1506 113 1538 et
136 1499 200 1538 ita
221 1499 544 1550 promissimus
567 1499 703 1538 dictis
724 1498 1032 1538 universitate
1054 1504 1098 1538 et
1129 1497 1334 1548 aljamis,
1365 1497 1699 1548 singularibus-

67 1581 158 1621 que
180 1569 456 1619 earumden,
481 1570 722 1621 praedicta
746 1570 983 1609 censualia
1006 1570 1132 1609 luere
1153 1576 1197 1608 et
1220 1569 1400 1620 quitare
1422 1576 1465 1608 et
1482 1568 1700 1618 interimi,

69 1647 114 1681 et
138 1640 284 1681 donec
308 1647 351 1680 et
372 1652 612 1692 quousque
634 1641 734 1692 ipsa
757 1641 994 1680 censualia
1029 1641 1121 1680 sint
1150 1652 1234 1692 per
1269 1652 1354 1679 nos
1388 1640 1588 1691 quitata,
1619 1639 1705 1678 sol—

69 1723 181 1752 vere
216 1719 261 1752 et
297 1724 495 1763 paccare
530 1712 779 1763 pensiones
816 1711 1025 1763 ipsorum
1062 1711 1374 1761 censualium,
1411 1717 1455 1750 et
1497 1710 1560 1750 ita
1599 1710 1701 1761 pari

72 1783 208 1823 modo
229 1783 542 1835 promittimus
563 1783 697 1823 vobis
718 1783 842 1822 dicto
876 1782 968 1822 filio
996 1788 1157 1822 nostro
1192 1782 1433 1833 praedicta
1465 1781 1704 1821 censualia

72 1856 198 1895 luere
220 1860 264 1894 et
285 1854 467 1906 quitare
489 1865 628 1905 quam
651 1854 787 1894 citius
809 1853 1124 1905 potuerimus,
1148 1859 1193 1893 et
1230 1853 1416 1893 interim
1451 1853 1635 1892 solvere
1663 1857 1708 1890 et

70 1937 273 1977 paccare
295 1925 544 1977 pensiones
566 1925 772 1976 ipsorum
795 1925 1100 1965 censualium.

153 1996 287 2036 Hanc
309 1997 453 2047 igitur
473 1997 790 2036 venditionem
812 2003 855 2036 et
879 2008 960 2036 seu
983 1996 1259 2046 insolutum,
1283 1994 1519 2035 dationem
1547 2000 1591 2034 et
1619 2000 1708 2034 tra-

70 2068 410 2119 sportationem
432 2067 695 2107 medietatis
717 2072 800 2119 pro
823 2067 1026 2107 indiviso
1045 2065 1141 2117 jam
1159 2066 1311 2106 dictae
1328 2066 1561 2106 Baroniae
1578 2071 1622 2106 et
1646 2066 1709 2104 lo-

71 2149 235 2178 corum
267 2138 412 2190 ipsius
448 2138 583 2178 vobis
611 2138 735 2178 dicto
766 2138 859 2178 filio
887 2145 1049 2178 nostro
1086 2144 1131 2176 et
1162 2137 1334 2177 vestris
1368 2136 1567 2176 facimus
1604 2147 1708 2176 cum

72 2209 348 2261 parietibus,
387 2208 625 2259 aedificiis,
659 2209 923 2249 introitibus
953 2215 997 2248 et
1018 2208 1235 2258 exitibus3
1265 2213 1309 2247 et
1333 2207 1529 2258 singulis
1546 2217 1709 2246 eorum

71 2280 298 2329 terminis,
322 2280 584 2330 territoriis,
606 2280 987 2331 proprietatibus,
1011 2278 1367 2319 dominicaturis
1385 2277 1413 2328 ⁵,
1428 2277 1708 2329 jurisdictio-

73 2352 229 2399 nibus;
250 2357 294 2392 et
309 2363 415 2391 cum
431 2352 727 2391 universis‘et
744 2351 942 2402 singulis
961 2362 1122 2390 eorum
1136 2349 1338 2401 juribus;
1360 2360 1415 2388 ac
1440 2349 1581 2389 etiam
1603 2359 1710 2388 cum

72 2422 288 2462 omnibus
310 2429 353 2462 et
375 2422 571 2472 singulis
593 2422 830 2470 domibus,
855 2421 1105 2470 aedificiis,
1132 2420 1465 2460 munitionibus
1494 2420 1671 2460 mansis
1692 2418 1707 2439 ⁴

74 2493 137 2533 ibi
157 2493 440 2533 constructis
463 2500 505 2533 et
527 2493 583 2533 de
605 2501 793 2533 caetero
823 2492 1182 2541 constituendis;
1214 2502 1413 2542 cumque
1443 2491 1708 2532 hominibus

73 2564 277 2615 seminis,
301 2563 507 2615 cujusvis
529 2564 666 2615 legis,
691 2570 868 2614 sectae,
893 2570 936 2604 et
965 2562 1310 2603 conditionibus
1342 2562 1458 2612 sint,
1493 2562 1553 2602 ibi
1585 2563 1709 2602 habi-

129 2749 139 2769 ¹
178 2749 367 2779 carrio-ata,
383 2748 574 2782 Carrieare,
591 2754 672 2774 onus
689 2748 786 2782 quasi
802 2754 900 2774 carro
916 2747 1098 2781 (plaustro)
1113 2746 1299 2781 imponere.

130 2797 144 2816 ’ἓ
180 2796 398 2829 singulares,
415 2796 582 2830 privatos.

129 2844 143 2864 5
181 2843 467 2875 Domz'nicatura,
483 2843 674 2877 dominium,
691 2842 867 2876 praedium
883 2841 1099 2868 dominicum.

131 2893 144 2912 4
180 2891 319 2919 blansi>-
342 2892 397 2918 vel
425 2898 586 2923 mansus,
613 2890 746 2918 colonia
774 2897 835 2916 seu
862 2889 972 2923 portio
1001 2889 1089 2923 agri,
1117 2895 1202 2923 quae
1230 2887 1363 2921 colitur,
1392 2890 1430 2914 et
1455 2888 1488 2914 in
1513 2894 1577 2921 qua
1603 2889 1713 2916 coloni

76 2939 179 2966 aedes
196 2944 258 2966 est.
