1969 3293
200 148 270 184 662
748 147 791 186 S.
821 149 1094 187 FRANclchs
1121 149 1296 187 BORGIA

200 245 291 284 tuis
322 245 399 295 qui
434 245 481 284 in
511 244 697 285 Ducatu
727 246 969 298 praedicto
1001 252 1045 286 et
1076 252 1157 287 tuo
1185 247 1465 288 maioricatu
1499 260 1592 288 non
1627 251 1842 291 succede-

199 322 285 366 ret,
319 316 375 355 de
411 316 566 367 aliquo
602 316 809 357 subsidio
839 317 1117 369 providere,
1154 317 1389 359 Dilectum
1427 319 1571 359 filium
1614 321 1845 373 Joannem

198 387 338 426 etiam
366 386 422 426 de
450 387 624 437 Borgia
651 393 782 428 tuum
816 388 1023 428 secundo
1058 389 1288 440 genitum,
1326 390 1401 430 vel
1436 391 1578 431 alium
1612 403 1671 432 ex
1706 392 1842 433 dictis

198 456 303 497 filiis
324 458 437 508 tuis,
471 459 551 509 qui
578 459 625 498 in
654 457 843 499 Ducatu
870 465 914 499 et
941 459 1222 500 maioricatu
1248 460 1477 512 praefatis
1507 473 1601 502 non
1623 464 1843 504 succede—

196 535 282 577 ret,
307 534 351 568 et
372 540 511 580 quem
531 535 581 569 tu
603 530 941 571 nominandum
973 530 1185 582 duceres,
1219 532 1324 571 loco
1345 543 1620 584 pauperum,
1646 546 1729 574 seu
1748 535 1844 586 pio-

197 590 522 649 rum'usuum,
567 608 646 641 aut
687 613 938 641 causarum
972 602 1268 652 huiusmodi,
1308 613 1391 642 seu
1427 603 1625 644 aliorum
1659 605 1844 656 piorum

195 671 420 722 locorum,
459 672 537 723 qui
572 672 703 712 iuxta
738 673 1117 724 constitutiones,
1155 684 1237 713 seu
1272 674 1568 726 sanctiones,
1605 677 1682 716 vel
1716 677 1846 727 leges

196 742 434 793 praefatas
460 743 508 783 in
529 743 668 783 dictis
688 743 844 795 bonis,
874 744 1129 785 succedere
1158 744 1453 797 debuissent,
1487 747 1642 797 quoad
1670 748 1843 798 omnia,

195 819 239 853 et
260 814 460 865 singula,
484 814 674 854 mobilia
695 822 740 855 et
760 815 1029 865 immobilia,
1055 827 1110 855 ac
1141 827 1190 856 se
1216 816 1456 874 moyentia
1482 817 1605 857 bona
1633 819 1846 859 valorem

199 885 572 938 vigintiquinque
593 887 789 927 millium
820 887 1099 927 ducatorum
1120 887 1240 928 Auri
1268 888 1324 928 de
1353 888 1553 928 Camera
1581 901 1675 929 non
1711 901 1844 930 exce-

195 957 366 1008 dentia,
391 962 526 998 extra
547 964 706 998 tamen
726 957 906 998 Vrbem
926 958 1140 1009 Romam,
1164 958 1212 998 in
1233 957 1451 1010 Civitate‚
1477 965 1522 1000 et
1553 960 1720 1011 Regno
1750 960 1845 1001 Va-

195 1029 365 1069 lentiae
388 1030 709 1080 consistentia,
734 1041 790 1070 ac
812 1030 955 1070 etiam
974 1042 1058 1082 per
1079 1042 1308 1082 personas
1330 1031 1442 1071 dicti
1460 1031 1628 1083 Regni,
1649 1038 1693 1072 et
1710 1038 1846 1073 extra

194 1101 306 1141 illud
327 1101 596 1149 existentes,
621 1101 771 1142 eidem
792 1101 1030 1152 quondam
1049 1102 1223 1155 Joanni
1246 1102 1356 1142 dum
1376 1102 1561 1143 viveret
1589 1103 1744 1143 debita
1760 1136 1769 1154 ,
1802 1110 1848 1143 et

197 1184 280 1223 per
305 1173 459 1224 ipsum
480 1173 658 1225 relicta,
683 1173 867 1213 etiamsi
887 1173 966 1214 illa
989 1173 1048 1213 ad
1069 1174 1285 1214 eumdem
1301 1173 1500 1214 Paulum
1516 1175 1847 1226 praedecesso-

195 1255 294 1284 rem
327 1250 540 1285 nostrum
575 1250 620 1285 et
655 1244 907 1286 Cameram
942 1245 1268 1296 Apostolicam
1306 1246 1681 1297 quomodolibet,
1716 1252 1760 1286 et
1789 1259 1847 1286 ex

194 1316 362 1366 quavis
384 1328 529 1357 causa
549 1317 838 1368 pertinerent
869 1328 952 1357 seu
974 1317 1194 1357 devoluta
1221 1317 1498 1368 existerent,
1523 1329 1845 1370 quaecunque,

194 1394 238 1427 et
273 1388 617 1440 qualiacunque
653 1395 823 1439 essent,
857 1394 901 1428 et
930 1399 1076 1440 penes
1102 1400 1405 1440 quoscunque
1436 1394 1769 1441 praeterquam
1798 1389 1848 1428 in>

194 1459 319 1499 dicta
349 1459 481 1500 Vrbe
507 1460 827 1511 reperirentur
855 1459 1182 1509 substituerat,
1213 1465 1256 1499 et
1284 1466 1645 1511 surrogaverat,
1676 1460 1848 1512 illaque

193 1531 342 1571 eidem
374 1530 546 1584 Joanni
576 1531 783 1571 secundo
810 1531 993 1582 genito,
1023 1531 1099 1571 vel
1126 1531 1262 1570 alteri
1287 1530 1381 1570 filio
1410 1537 1488 1570 tuo
1516 1543 1600 1582 per
1629 1538 1674 1571 te
1702 1531 1845 1571 nomi·

193 1603 349 1643 nando
370 1603 639 1644 huiusmodi
664 1615 750 1655 pro
780 1614 830 1643 se
860 1603 1050 1655 suisque
1077 1602 1381 1653 haeredibus,
1417 1609 1461 1642 et
1493 1602 1847 1643 successoribus

194 1676 549 1727 quibuscunque
572 1675 849 1725 donaverat,
882 1681 1203 1725 concesserat,
1233 1680 1277 1714 et
1307 1674 1661 1726 assignaverat,
1691 1675 1846 1715 volue-

194 1753 360 1799 ratque
382 1746 505 1799 quod
522 1752 586 1797 tu,
606 1758 689 1787 seu
704 1746 912 1799 Joannes
928 1746 1050 1786 filius
1066 1752 1174 1786 tuus
1190 1752 1440 1798 postquam
1458 1745 1672 1798 praefata
1690 1746 1847 1786 omnia

195 1819 316 1859 bona
352 1825 634 1870 assequutus
670 1824 808 1867 esset,
842 1819 889 1859 in
924 1818 1137 1858 Ecclesia
1163 1817 1338 1858 Beatae
1361 1817 1541 1858 Mariae
1562 1817 1757 1858 Maioris
1792 1817 1848 1857 de

194 1891 324 1931 Vrbe
346 1902 490 1931 unum
513 1890 828 1942 sepulchrum,
848 1891 894 1930 in
912 1902 1004 1942 quo
1022 1890 1278 1941 cadavera,
1299 1901 1381 1930 seu
1400 1901 1507 1930 ossa
1524 1889 1727 1941 praefati
1743 1888 1848 1929 Ale—

195 1963 366 2003 xandri
387 1962 772 2014 praedecessoris
794 1962 959 2013 nostri,
984 1968 1028 2002 et
1046 1963 1119 2002 bo:
1142 1973 1230 2001 me:
1250 1961 1443 2002 Henrici
1460 1961 1634 2012 Borgia
1653 1960 1698 2003 S.
1719 1960 1773 2001 R.
1793 1960 1846 2001 E.

196 2034 475 2085 Cardinalis,
501 2033 711 2075 eiusdem
732 2034 893 2074 fratris
914 2034 1146 2085 germani,
1170 2044 1290 2085 quae
1313 2033 1454 2073 etiam
1470 2039 1580 2073 tunc
1598 2032 1645 2072 in
1662 2031 1848 2073 Sachri-

196 2108 284 2148 stia
314 2107 546 2148 Basilicae
577 2106 810 2158 Principis
842 2106 1181 2157 Apostolorum
1203 2105 1259 2146 de
1281 2105 1409 2146 Vrbe
1441 2105 1646 2156 sepulta,
1670 2115 1753 2144 seu
1775 2103 1850 2143 de-

196 2179 350 2230 posita
367 2178 647 2229 existebant,
663 2183 827 2218 ornate
845 2177 1072 2228 construi,
1088 2183 1132 2217 et
1150 2176 1392 2217 aedificari
1404 2175 1577 2227 facere,
1594 2187 1649 2215 ac
1663 2175 1710 2215 in
1726 2175 1849 2214 illius

198 2250 570 2301 constructione,
595 2256 639 2290 et
661 2249 988 2290 aedificatione
1009 2248 1299 2298 huiusmodi,
1326 2260 1412 2288 nec
1442 2259 1552 2297 non,
1577 2247 1849 2287 anniversa-

198 2322 389 2371 riorum,
414 2329 458 2362 et
480 2321 693 2372 aliorum,
718 2321 987 2361 divinorum
1015 2320 1273 2360 officiorum
1293 2331 1379 2371 pro
1409 2318 1694 2370 Alexandri,
1718 2329 1848 2369 prae-

198 2394 461 2434 decessoris
482 2400 527 2433 et
548 2393 743 2433 Henrici
765 2392 1030 2433 Cardinalis
1046 2391 1400 2443 praedictorum
1417 2390 1682 2430 animarum
1699 2390 1848 2429 salute

199 2465 529 2516 celebratione,
552 2476 736 2505 summa
758 2463 897 2515 Mille,
922 2470 967 2504 et
988 2463 1353 2515 quingentorum
1374 2468 1616 2502 scutorum
1637 2460 1756 2501 Auri
1773 2472 1847 2500 ex-

199 2548 389 2588 ponere,
413 2548 469 2576 ac
500 2536 748 2577 Cadavera
780 2547 863 2576 seu
894 2547 1001 2576 ossa
1028 2534 1243 2587 praefata
1272 2533 1332 2574 ad
1361 2533 1513 2585 ipsum
1548 2532 1850 2584 sepulchrum

199 2607 454 2648 honorifice
476 2607 648 2648 deferri
667 2607 825 2647 facere
848 2607 1053 2657 deberet,
1080 2613 1124 2646 et
1146 2611 1398 2655 teneretur,
1419 2604 1536 2644 alias
1552 2604 1699 2655 ipsius
1716 2602 1851 2643 Pauli

201 2679 580 2731 praedecessoris
608 2680 764 2730 gratia
792 2679 974 2719 viribus
1003 2684 1208 2729 careret,
1239 2682 1378 2729 prout
1405 2676 1453 2716 in
1481 2675 1689 2715 eiusdem
1718 2673 1850 2714 Pauli

201 2750 581 2803 praedecessoris
602 2751 768 2790 litteris
790 2750 992 2802 desuper
1013 2750 1060 2789 in
1080 2749 1232 2789 forma
1254 2748 1437 2798 Brevis,
1461 2746 1559 2788 Sub
1581 2746 1741 2786 datum
1762 2745 1850 2785 Ro-

203 2834 307 2862 mae
329 2822 453 2874 apud
474 2821 700 2862 Sanctum
721 2821 913 2862 Petrum
934 2821 1020 2861 sub
1042 2820 1198 2861 Anulo
1227 2819 1484 2860 Piscatoris
1515 2817 1603 2857 Die
1631 2815 1745 2867 xxiij
1775 2816 1850 2869 Ja-

204 2893 373 2944 nuarii,
398 2892 705 2933 pontificatus
727 2893 799 2933 sui
815 2892 956 2933 Anno
975 2892 1155 2943 Quarto
1172 2891 1368 2931 Decimo
1386 2888 1631 2941 expeditis,
1653 2899 1850 2940 quarum

206 2971 417 3006 tenorem
432 2965 759 3017 praesentibus
774 2976 859 3016 pro
882 2963 1164 3004 sufficienter
1181 2972 1408 3014 expresso
1430 2959 1595 3001 haberi
1618 2960 1849 3009 volumus,
