1969 3293
697 123 812 160 AL1A
842 134 1100 161 DOCUMENTA
1641 124 1712 161 747

297 448 619 490 CAROLUS
656 449 875 503 BORJA
910 449 951 490 V
993 449 1313 491 GANDIAE
1349 450 1495 492 DUX

381 612 500 635 contra
515 609 668 635 deretum
683 607 850 636 valentini
867 609 1060 637 Tribunalis
1077 609 1109 637 S.
1126 609 1175 637 Of.
1189 613 1415 644 protestatur.

131 820 192 847 Die
209 823 332 854 quarto
348 819 473 847 mensis
488 820 602 847 martii
618 826 706 847 anno
721 820 788 854 dnj.
805 820 954 856 Mdlxij.⁰
971 821 993 848 ¹.

159 927 209 967 In
231 927 303 967 dei
324 924 510 967 no‘mine
532 939 682 967 amen.
706 927 932 968 Nouerint
953 928 1161 968 vniuersi
1183 929 1307 980 quod
1337 941 1460 969 anno
1491 941 1517 969 a
1546 928 1710 969 natiui-
1740 949 1743 952 ⁴

80 1004 175 1038 tate
213 998 305 1038 dni.
342 998 586 1038 millesimo
627 998 1000 1049 quingentesimo
1039 1000 1337 1051 sexagesimo
1376 1000 1593 1051 septimo,
1638 999 1713 1040 die

81 1081 195 1109 vero
218 1069 452 1109 intitulato
475 1074 642 1120 quarto
664 1069 837 1109 mensis
864 1070 1042 1120 martii,
1066 1070 1113 1109 in
1140 1070 1310 1121 oppido
1339 1071 1394 1110 de
1421 1070 1604 1111 Gandia
1632 1082 1711 1110 va-

76 1140 236 1180 lentin.
255 1140 497 1180 dioecesis.
518 1140 689 1180 Coram
708 1140 960 1181 admodum
972 1142 1243 1181 reuerendis
1260 1142 1461 1182 dominis
1482 1142 1712 1192 magistro

78 1210 259 1263 Joanne
280 1211 519 1251 Ludouico
541 1210 686 1261 Sanc,
711 1210 890 1251 decano
912 1212 1139 1252 ecclesiae
1161 1213 1439 1263 collegiatae
1457 1213 1569 1253 dicti
1586 1213 1713 1264 oppi-

77 1281 120 1333 dj
146 1282 202 1322 de
222 1282 419 1333 gandia,
444 1293 498 1321 ac
520 1282 748 1333 magistro
770 1282 952 1322 alfonso
973 1281 1186 1323 Romano
1209 1284 1246 1333 ²,
1270 1283 1548 1334 presbytero
1566 1284 1711 1323 socie-

81 1353 190 1393 tatis
210 1353 411 1394 nominis
432 1353 543 1405 Jesu
560 1385 567 1403 ,
593 1365 646 1393 ac
667 1353 937 1405 praeposito
955 1354 1233 1405 prouinciali
1250 1352 1458 1405 ejusdem
1475 1354 1714 1395 societatis

85 1425 131 1464 in
152 1424 397 1476 provincia
424 1429 659 1475 aragonii,
688 1430 910 1476 tanquam
948 1425 1197 1465 autenticis
1225 1431 1270 1465 et
1300 1426 1581 1466 notabilibus
1611 1438 1710 1477 per·

80 1495 230 1546 sonis,
253 1495 562 1547 personaliter
584 1496 863 1536 constitutus
892 1496 1236 1536 Illustrissimus
1265 1497 1481 1536 dominus
1508 1497 1598 1537 don
1627 1496 1712 1537 Ca-

77 1568 206 1607 rolus
228 1578 254 1606 a
275 1566 461 1618 borgia,
486 1567 581 1607 dux
602 1566 835 1616 Gandiae,
860 1579 915 1607 ac
944 1577 1206 1607 conuocato
1236 1579 1333 1618 me,
1364 1567 1545 1608 onofrio
1574 1580 1712 1619 perez

80 1636 135 1677 de
157 1638 300 1689 cuHa,
324 1638 508 1678 notario
529 1638 715 1689 publico
747 1638 1074 1678 autoritatibus
1103 1638 1361 1690 apostolica
1389 1651 1446 1678 ac
1476 1639 1629 1689 regia,
1663 1645 1708 1679 et

75 1709 272 1748 testibus
292 1708 625 1760 infrascriptis,
651 1708 766 1748 dixit
785 1714 829 1748 et
846 1709 1061 1760 exposuit
1078 1708 1223 1760 quod,
1243 1710 1309 1749 eis
1326 1710 1595 1750 melioribus
1611 1710 1704 1758 Via,

79 1779 217 1820 modo
253 1785 298 1819 et
332 1779 482 1820 forma
516 1779 682 1830 quibus
717 1779 772 1819 de
803 1778 906 1831 jure
933 1779 1033 1820 fieri
1062 1786 1215 1832 potest
1241 1787 1285 1820 et
1314 1780 1473 1832 debet,
1507 1781 1562 1821 de
1583 1780 1709 1821 facto

78 1851 201 1902 quod
225 1850 284 1891 ad
305 1849 403 1901 ejus
423 1850 633 1890 notitiam
656 1851 891 1901 pervenit,
925 1851 1048 1902 quod
1075 1851 1135 1892 ad
1162 1851 1434 1891 instantiam
1465 1851 1710 1892 reuerendi

76 1921 225 1962 felicis
256 1921 312 1961 de
344 1920 523 1961 Oviedo
550 1921 835 1972 promotoris
861 1921 1035 1962 fiscalis
1063 1922 1215 1962 sancti
1238 1922 1376 1962 officii
1397 1923 1711 1974 inquisitionis

80 1992 287 2032 ciuitatis
308 1992 415 2032 Val.
445 1998 489 2032 et
510 1991 609 2043 ejus
629 1992 888 2042 districtus,
908 1993 1103 2033 Illustris
1120 2005 1175 2032 ac
1194 1993 1479 2033 reuerendus
1495 1993 1712 2033 dominus

81 2063 387 2115 hieronymus
409 2063 652 2114 manrique
675 2063 786 2103 dicti
806 2063 958 2103 sancti
980 2063 1117 2104 officii
1137 2064 1183 2104 in
1205 2064 1328 2104 dicta
1346 2064 1534 2104 ciuitate
1552 2070 1595 2104 et
1612 2063 1710 2116 ejus

80 2134 295 2175 districtu
316 2134 586 2186 inquisitor,
610 2146 694 2185 per
720 2146 830 2174 suas
858 2140 1071 2186 patentes
1096 2135 1280 2185 literas,
1310 2134 1409 2186 ejus
1438 2147 1578 2175 manu
1608 2136 1710 2176 sub·

81 2205 303 2257 scriptas,
327 2205 531 2257 providit
553 2212 597 2245 et
619 2204 860 2245 mandauit
882 2206 1153 2246 reuerendis
1180 2206 1358 2246 decano
1386 2205 1638 2247 Canonicis
1666 2212 1710 2246 et

75 2276 293 2328 Capitulo
329 2276 482 2316 dictae
517 2276 744 2316 ecclesiae
775 2276 1070 2328 collegiatae,
1101 2277 1212 2317 dicti
1243 2277 1402 2329 oppidi
1431 2277 1487 2317 de
1517 2277 1706 2328 gandia,

125 2461 133 2480 ¹
173 2461 227 2488 Ex
242 2461 408 2488 Arclzz'vio
434 2460 569 2487 Domus
591 2460 816 2487 Probationis
841 2461 873 2488 S.
898 2461 931 2496 J.
961 2461 1133 2494 Gandiae,
1152 2461 1343 2495 protocollo
1368 2461 1509 2496 Onofrii
1531 2462 1642 2489 Perea
1665 2463 1710 2490 de

78 2508 185 2536 (ulla.
202 2508 469 2543 Autographum
484 2508 517 2535 in
532 2508 612 2535 folio
628 2509 851 2543 quadruplici.

123 2557 137 2575 ²
175 2556 211 2583 P.
228 2557 423 2591 Alphonsus
439 2556 568 2583 Roman
584 2564 628 2583 ex
643 2557 761 2590 primis
776 2556 838 2584 fuit
854 2557 909 2591 qui
925 2556 1089 2584 Societati
1112 2555 1192 2590 Jesu
1213 2563 1333 2584 nornen
1355 2557 1521 2584 dederunt
1542 2558 1574 2584 in
1599 2557 1700 2584 Prov.

71 2603 280 2639 Aragoniae.
296 2603 423 2631 Rector
438 2603 581 2637 Collegii
598 2603 914 2638 Caesaraugustam
931 2612 1007 2631 cum
1022 2608 1211 2638 tempestas
1226 2604 1286 2631 illa
1301 2609 1423 2632 exorta
1444 2608 1495 2631 est
1510 2626 1516 2638 ,
1538 2612 1624 2639 quae
1649 2611 1707 2631 no-

71 2656 161 2679 stros
174 2652 292 2679 urbem
308 2652 500 2686 relinquere
515 2652 557 2678 ad
573 2656 705 2685 tempus
721 2652 844 2686 coegit.
860 2652 1102 2679 Vallisoletum
1117 2651 1253 2686 petivit,
1269 2657 1323 2685 ut,
1338 2659 1400 2686 per
1424 2651 1455 2679 S.
1478 2651 1705 2679 Franciscum

71 2699 209 2734 Borgia‚
226 2699 392 2734 Principis
407 2699 575 2732 joannae,
593 2704 687 2733 tunc,
703 2701 743 2726 ob
759 2699 906 2734 Philippi
927 2699 957 2727 II
973 2700 1181 2733 absentiam,
1204 2699 1406 2733 Hispaniam
1420 2700 1593 2734 regentis,
1610 2699 1706 2727 favo-

71 2754 144 2774 rem
157 2748 284 2774 nostris
298 2748 511 2782 impetraret.
529 2747 652 2774 Postea
667 2747 888 2781 Praepositus
908 2747 1133 2775 Provincialis
1148 2747 1220 2779 fuit,
1235 2752 1268 2774 et
1284 2747 1411 2775 Rector
1423 2747 1566 2782 Colit-gii
1583 2747 1707 2774 Valen-

71 2794 134 2822 tini
148 2802 224 2822 cum
238 2795 354 2822 concio
370 2795 484 2822 Patris
500 2794 673 2821 Govierno
688 2795 847 2830 Proregis
859 2795 946 2822 iram
959 2795 991 2822 in
1003 2799 1138 2822 nostros
1149 2795 1316 2829 accendit,
1330 2803 1395 2829 qua
1406 2796 1585 2823 occasione
1599 2795 1704 2822 etiam

72 2842 115 2868 ad
131 2842 263 2876 regiam
277 2842 407 2869 curiam
423 2841 544 2868 missus
558 2841 629 2869 fuit.
644 2841 801 2870 Condidit
818 2842 1007 2876 Collegium
1019 2842 1275 2869 Tarraconense
1291 2846 1324 2869 et
1339 2842 1463 2870 iterum
1477 2843 1567 2870 rexit
1584 2842 1707 2870 Caesa-

72 2894 331 2924 raugustanum.
354 2889 474 2916 Adfuit
500 2888 767 2924 congregationi
791 2890 942 2924 generali
965 2889 1024 2917 VI.
1047 2889 1135 2917 Vide
1163 2889 1198 2917 Ρ.
1227 2890 1404 2923 ALVAnez,
1421 2890 1515 2917 Hz'st.
1541 2898 1601 2917 ms.
1626 2890 1707 2916 Pro-

72 2937 215 2964 vtnciae
235 2936 448 2970 Aragoniae.
465 2935 669 2970 S.].,1.1.a
683 2937 761 2964 c.116
775 2938 844 2964 etl.
859 2944 884 2964 11
898 2944 918 2964 a
933 2944 962 2964 c.
974 2937 1000 2964 2.
