2063 3283
676 231 911 269 ΛΡΜ-»10111
939 231 1125 276 QUARTA
1663 228 1724 263 191

94 334 179 372 bus
199 330 337 371 fuerit
358 328 492 370 alteri
511 327 774 368 satisfactio
798 326 1121 378 impendenda,
1151 337 1232 376 per
1262 336 1312 364 se
1339 324 1486 375 ipsos,
1514 322 1554 362 si
1580 334 1724 375 supra

97 402 311 452 vixerint,
338 401 410 440 vel
429 410 512 451 per
534 397 762 439 haeredes
783 409 908 447 suos,
933 397 972 437 si
993 403 1102 437 tunc
1119 396 1239 436 forte
1255 394 1548 444 transierint,
1568 393 1722 433 facere

94 470 483 521 (restitutionem)
503 475 766 510 teneantur.
790 468 847 508 Et
867 480 941 515 ne,
960 468 1084 519 quod
1102 466 1237 516 absit,
1256 471 1448 518 propter
1464 464 1722 505 concessio—

92 554 198 583 nem
217 541 480 593 hujusmodi
501 540 659 581 fideles
681 539 768 592 ipsi
789 538 1045 579 reddantur
1066 538 1300 589 proclives
1321 537 1379 577 ad
1402 536 1560 577 illicita
1577 536 1623 575 in
1645 547 1722 587 po—

91 621 267 654 sterum
287 611 637 661 committenda,
661 611 878 651 volumus
900 610 1022 661 quod
1044 610 1082 649 si
1103 621 1161 648 ex
1183 608 1465 649 confidentia
1492 607 1721 648 remissio-

92 685 164 725 nis
183 683 448 735 hujusmodi
469 682 607 723 iidem
629 681 788 722 fideles
809 681 966 731 aliqua
988 680 1148 719 illicita
1176 679 1335 718 forsan
1364 678 1722 728 committerent,

91 754 242 808 quoad
277 754 387 804 ista,
425 753 667 805 praedicta
700 751 914 792 remissio
949 751 1213 790 nullatenus
1235 749 1301 789 eis
1330 749 1630 800 suffragetur.
1668 748 1723 788 Et

89 826 404 875 nihilominus,
427 831 476 864 ut
497 824 656 864 fideles
678 822 908 875 praedicti
934 821 1222 861 remissionis
1250 820 1514 871 hujusmodi
1541 819 1725 859 facilius

91 908 290 950 capaces
311 896 585 945 efficiantur,
611 894 832 946 episcopo
853 894 928 932 vel
949 892 1046 943 ejus
1068 892 1250 931 vicario
1272 891 1483 942 generali
1505 892 1579 930 vel
1601 890 1723 941 capi-

91 968 185 1008 tulo
208 968 353 1019 ipsius
374 966 615 1016 ecclesiae,
641 964 937 1005 confessores
960 963 1154 1003 idoneos
1175 962 1222 1001 in
1244 963 1345 1013 ipsa
1367 962 1563 1002 ecclesia
1586 961 1723 1012 depu-

90 1038 219 1079 tandi
238 1071 247 1089 ‚
284 1038 451 1090 quibus
490 1037 652 1077 diebus
690 1035 962 1087 praemissis
1000 1033 1207 1073 omnium
1246 1032 1449 1072 fidelium
1484 1032 1724 1083 utriusque

88 1121 228 1150 sexus
251 1109 309 1149 ad
336 1108 550 1148 eamdem
577 1106 827 1147 ecclesiam
856 1117 941 1156 pro
972 1103 1237 1156 hujusmodi
1264 1103 1538 1143 remissione
1566 1102 1723 1154 adqui-

88 1179 232 1220 renda
253 1179 593 1228 accedentium,
617 1184 662 1218 et
682 1175 858 1217 eisdem
876 1175 1085 1216 confiteri
1102 1174 1359 1214 volentium
1377 1173 1455 1224 (ut)
1474 1173 1721 1213 confessio>

91 1262 172 1291 nes
193 1251 370 1301 audire,
395 1256 440 1290 et
466 1250 593 1301 ipsos
619 1260 646 1288 a
675 1247 1043 1300 quibuscumque
1072 1256 1234 1285 eorum
1260 1245 1489 1296 peccatis,
1521 1244 1720 1284 crimini—

88 1322 195 1373 bus,
220 1321 491 1362 excessibus
519 1327 563 1361 et
591 1319 777 1369 debitis,
807 1319 951 1359 etiam
976 1318 1015 1357 si
1045 1317 1157 1357 talia
1184 1316 1356 1356 fuerint
1384 1322 1576 1367 propter
1604 1327 1721 1367 quae

87 1394 222 1434 sedes
243 1393 503 1445 apostolica
523 1404 582 1432 ex
604 1391 772 1443 quavis
795 1402 937 1430 causa
960 1388 1247 1436 consulenda
1269 1393 1407 1438 esset,
1427 1387 1589 1427 diebus
1607 1386 1721 1438 ejus-

86 1465 210 1506 modi
231 1465 478 1505 absolvere
500 1464 707 1513 Valeant,
730 1461 919 1513 plenam
939 1467 984 1501 et
1004 1460 1216 1506 liberam,
1239 1458 1519 1499 auctoritate
1541 1458 1720 1509 praedi-

87 1543 180 1584 613,
202 1543 366 1576 1611016
386 1533 720 1586 praesentium,
745 1532 1048 1573 concedimus
1068 1531 1353 1571 facultatem.

165 1607 302 1647 Datis
322 1605 499 1646 Romae
520 1604 643 1657 apud
663 1609 879 1644 sanctum
899 1602 1089 1643 Petrum
1114 1613 1238 1641 anno
1265 1599 1610 1641 Incarnationis
1630 1599 1720 1639 Do-

85 1679 283 1719 minicae
322 1677 422 1716 1457
443 1709 450 1727 ‚
487 1689 537 1716 1v
577 1675 680 1716 idus
716 1674 1004 1725 Septembris
1023 1706 1031 1722 ,
1073 1672 1372 1725 pontificatus
1410 1671 1558 1711 nostri
1593 1682 1718 1710 anno

85 1749 237 1789 tertio.

161 1819 284 1860 Para
313 1831 401 1870 que
422 1831 471 1859 se
502 1829 711 1858 conozca
730 1817 773 1857 el
800 1816 949 1857 efecto
972 1815 1027 1855 de
1049 1821 1149 1855 esta
1169 1814 1300 1865 Bula,
1324 1813 1615 1854 traducimos
1644 1813 1717 1853 del

82 1892 276 1932 lemosin
296 1891 340 1930 lo
362 1902 450 1942 que
472 1889 609 1930 sobre
636 1893 736 1928 esto
763 1885 868 1938 dejo
895 1887 1065 1927 eserito
1094 1886 1135 1925 el
1162 1886 1376 1936 capellan
1404 1884 1477 1924 del
1507 1896 1591 1936 rcy
1612 1884 1716 1924 Don

84 1962 259 2002 Alonso
281 1961 327 2002 V
348 1973 405 2001 en
426 1972 481 2001 su
511 1958 727 2000 Dl'etarz’o
750 1958 878 2009 MS,
899 1969 987 1998 con
1021 1957 1063 1997 el
1089 1957 1222 1996 titulo
1245 1956 1301 1995 de
1327 1955 1601 1995 “Msmorias
1629 1955 1717 1995 his-

82 2033 254 2073 toricas
273 2031 347 2072 del
363 2031 536 2083 jubileo
559 2030 615 2071 de
642 2030 687 2070 la
707 2029 890 2081 Virgen
912 2029 968 2069 de
993 2029 1037 2067 la
1058 2027 1146 2067 Seo
1175 2026 1231 2066 de
1253 2025 1525 2075 Valencia„.
1555 2025 1609 2065 El
1630 2026 1715 2065 ori-

80 2104 222 2155 ginal,
246 2105 395 2154 segun
416 2103 701 2143 Villanueva
725 2099 751 2151 ⁸,
775 2111 825 2141 se
842 2099 1134 2140 conservaba
1156 2098 1197 2137 el
1219 2101 1309 2137 ano
1335 2096 1436 2136 1803
1459 2108 1516 2136 en
1546 2097 1589 2136 61
1610 2108 1717 2136 6011-

84 2180 220 2215 vento
241 2174 297 2215 de
319 2173 464 2215 Santo
486 2172 724 2223 Domingo
744 2172 786 2212 el
807 2171 923 2211 Real
942 2170 997 2210 de
1018 2168 1263 2209 Valeneia.
1285 2167 1402 2207 Dice
1424 2168 1518 2208 asi:

163 2246 257 2286 “En
278 2247 319 2286 el
339 2249 430 2285 3ῇο
453 2245 509 2285 de
536 2242 651 2295 1458,
675 2243 806 2283 lunes
827 2244 855 2282 3
879 2241 927 2281 14
947 2240 1003 2281 (16
1025 2241 1225 2291 Agosto‚
1248 2240 1438 2290 vispera
1458 2237 1515 2278 de
1546 2238 1590 2278 la
1611 2237 1715 2278 Vir>

81 2329 172 2369 gen
192 2317 343 2357 Maria
364 2316 421 2356 de
447 2316 643 2366 Agosto,
670 2316 698 2354 3
719 2314 790 2354 135
810 2313 1039 2364 primeras
1065 2313 1302 2362 visperaS‚
1332 2309 1410 2349 fue
1437 2309 1481 2349 la
1511 2308 1715 2360 primera

82 2388 377 2439 perdonanza
399 2390 427 2427 3
447 2398 568 2438 pena
594 2398 625 2438 y
646 2387 675 2425 3
701 2384 839 2436 culpa
860 2383 916 2423 de
944 2383 990 2423 la
1010 2382 1193 2433 Virgen
1220 2380 1372 2420 Maria
1394 2379 1459 2424 de¹
1477 2380 1520 2419 la
1549 2378 1639 2420 Seo
1660 2378 1715 2418 de

82 2459 329 2509 Valencia,
353 2457 566 2498 durando
595 2455 994 2497 exclusivamente
1021 2454 1157 2493 hasta
1185 2450 1422 2492 acabadas
1452 2451 1523 2490 las
1550 2461 1715 2501 segun-

82 2530 165 2570 das
184 2532 399 2582 visperas
420 2529 494 2569 del
514 2527 722 2580 glorioso
743 2526 908 2578 obispo
928 2524 1023 2566 San
1044 2524 1169 2564 Luis.
1193 2522 1237 2562 Y
1257 2534 1344 2575 por
1364 2523 1406 2562 61
1427 2521 1645 2573 Capitulo
1666 2533 1714 2561 se

80 2600 152 2640 dio
174 2600 320 2641 orden
341 2603 368 2640 3
389 2599 442 2640 55
462 2599 706 2651 prebostes
732 2596 789 2638 de
809 2598 855 2637 13
875 2595 1014 2636 dicha
1041 2594 1129 2636 Seo
1150 2607 1181 2646 y
1202 2592 1259 2633 de
1287 2593 1425 2633 todas
1455 2593 1525 2632 las
1555 2603 1714 2644 parro-

79 2672 232 2722 quias,
256 2672 325 2711 los
347 2672 506 2711 6113165
526 2669 739 2710 tuviesen
766 2668 982 2708 bastante
1002 2665 1149 2718 poder
1169 2664 1226 2705 de
1254 2664 1472 2704 absolves
1496 2663 1552 2703 de
1581 2662 1717 2703 todos

79 2742 147 2781 los
167 2753 304 2782 casos
324 2742 531 2793 papales,
549 2753 579 2792 y
597 2751 685 2792 que
700 2742 828 2780 estos
844 2738 1069 2778 hubiesen
1086 2736 1142 2777 de
1159 2736 1376 2775 absolves
1392 2733 1449 2774 de
1466 2734 1535 2773 los
1553 2733 1715 2773 dichos

80 2824 216 2853 casos
230 2813 423 2864 papales
438 2824 496 2852 en
511 2812 556 2852 la
572 2810 709 2851 dicha
720 2809 825 2851 Seo.
840 2809 882 2849 Y
899 2821 956 2849 en
973 2820 1079 2848 esos
1095 2807 1228 2847 cinco
1241 2806 1341 2846 dias
1357 2805 1434 2845 fue
1450 2810 1581 2845 tanta
1593 2816 1624 2856 y
1636 2809 1715 2844 tan

81 2883 258 2933 grande
278 2883 323 2923 13
350 2882 580 2923 devocion
602 2881 659 2921 de
688 2881 761 2921 las
778 2886 943 2932 gentes
971 2880 1028 2919 de
1054 2877 1339 2925 confesarse,
1366 2875 1616 2927 perdonar,
1646 2886 1717 2914 53-

137 3048 146 3066 ⁴
188 3047 294 3075 ‘roma
308 3054 334 3075 n
347 3047 403 3074 det
424 3044 525 3080 Vi'ase
537 3046 715 3074 literaria
