1969 3293
809 145 939 183 Uxon
1616 137 1687 174 013

47 244 172 284 ¹simo
204 249 357 293 sexto,
388 242 434 281 in
467 247 510 281 et
542 253 645 282 cum
676 253 766 293 quo
797 241 921 280 dicta
949 237 1268 279 Illustrissima
1295 246 1490 275 consors
1522 239 1684 273 nostra

52 315 216 364 voluit,
237 313 463 364 disposuit
484 319 527 352 et
544 313 786 352 mandavit
808 323 890 362 per
912 321 998 350 vos
1015 309 1189 349 dictum
1206 307 1464 355 Decanum,
1485 304 1681 345 Canoni-

50 397 135 427 cos
156 391 199 424 et
229 384 493 435 Capitulum
514 383 666 423 dictae
688 383 926 423 Ecclesiae
948 379 1174 420 celebrari
1191 379 1290 418 sive
1308 377 1544 417 celebrare
1565 374 1684 414 face-

55 469 126 508 re,
149 467 233 507 pro
250 455 371 494 illius
389 455 567 504 anima,
587 454 677 493 duo
696 453 916 492 annualia
933 451 1032 491 sive
1049 450 1166 490 duas
1183 448 1350 489 missas
1373 446 1683 499 quotidianas,

56 539 195 567 unam
217 526 262 565 in
283 525 407 565 dicta
429 524 680 575 collegiata
702 523 900 563 ecclesia
922 520 1265 570 celebrandam,
1286 520 1482 559 alteram
1504 528 1616 557 vero
1640 516 1685 555 in

50 597 234 648 capella
255 595 385 636 Beati
406 595 649 635 Michaelis
670 592 959 643 Archangeli
982 593 1028 632 in
1051 592 1188 632 domo
1210 591 1308 630 sive
1330 589 1503 640 palatio
1524 594 1685 627 nostro

47 667 321 709 constituta.
355 666 411 706 Et
441 666 581 706 etiam
598 664 735 717 jussit
756 663 958 712 exsolvi,
984 663 1118 703 annis
1148 661 1344 712 singulis
1371 665 1415 700 et
1442 665 1682 711 perpetuo,

55 739 157 778 illas
185 737 435 778 conciones
467 736 566 776 sive
597 746 857 785 sermones,
893 745 1011 785 quae
1040 734 1138 773 sive
1167 732 1245 784 qui
1276 729 1476 771 faciendi
1503 736 1610 769 sunt
1640 729 1685 768 in

47 809 266 850 ‘omnibus
286 809 376 848 illis
393 807 554 848 diebus
576 806 821 846 dominicis
839 806 886 845 in
907 805 1071 856 quibus
1092 804 1138 844 in
1160 803 1285 843 dicta
1302 801 1501 842 ecclesia
1516 800 1566 841 fit
1582 811 1686 851 pro-

57 881 204 921 cessio
226 878 520 920 Sanctissimi
541 877 835 918 Sacramenti
855 876 1182 916 Eucharistiae
1204 880 1249 914 et
1269 873 1491 913 recolitur
1517 883 1685 911 merno-

55 952 124 992 ria
146 951 258 1003 ejus,
282 951 329 990 in
350 950 554 1002 quolibet
574 960 753 997 mense,
774 947 908 999 juxta
931 946 1297 987 Constitutiones
1316 943 1623 984 fraternitatis
1644 948 1688 982 et

55 1021 455 1063 confraternitatis
476 1019 770 1061 Sanctissimi
791 1017 1082 1059 Sacramenti
1111 1016 1332 1067 Corporis
1362 1021 1405 1055 et
1435 1013 1688 1064 Sanguinis

56 1094 244 1134 Domini
278 1092 427 1132 nostri
454 1092 564 1145 Jesu
595 1090 784 1131 Christi.
819 1089 876 1129 Et
904 1089 1044 1128 etiam
1072 1088 1171 1127 fieri
1193 1086 1330 1137 jussit
1357 1097 1412 1125 ac
1443 1084 1686 1125 mandavit

46 1164 304 1216 *quamdam
326 1163 674 1215 processionem
696 1162 741 1201 in
762 1160 1016 1200 festivitate
1045 1158 1328 1198 Purissimae
1357 1155 1688 1207 Conceptionis

54 1236 360 1277 Beatissimae
381 1234 593 1285 Virginis
624 1233 824 1280 Mariae,
848 1237 986 1283 prout
1018 1231 1066 1270 in
1095 1230 1220 1270 dicto
1252 1234 1296 1268 et
1325 1225 1688 1279 praecalendato

49 1306 425 1359 <consignationis
443 1306 765 1354 instrumento,
786 1303 857 1343 cui
874 1314 959 1342 nos
975 1300 1251 1351 refferimus‚
1272 1299 1482 1340 diffusius
1499 1308 1688 1337 enarra—

55 1385 130 1419 tur
150 1384 194 1419 et
217 1378 494 1418 continetur.

135 1449 431 1501 Quapropter
465 1459 565 1497 nos,
596 1447 768 1487 virtute
804 1446 957 1485 dictae
986 1443 1212 1484 cessionis
1235 1448 1278 1483 et
1300 1439 1684 1492 consignationis,

58 1522 191 1562 vobis
213 1526 257 1561 et
273 1520 445 1560 vestris
462 1518 575 1559 dare
592 1524 635 1558 et
657 1518 840 1558 solvere
858 1522 1085 1566 tenemur,
1106 1514 1240 1554 annis
1256 1513 1452 1564 singulis
1470 1518 1513 1552 et
1529 1523 1688 1563 perpe-

51 1599 151 1643 tuo,
175 1591 441 1644 praedictos
461 1595 725 1640 nongentos
745 1587 914 1639 viginti
935 1594 978 1627 et
1000 1598 1144 1627 unum
1161 1585 1349 1634 solidos,
1370 1595 1428 1623 ex
1446 1582 1687 1635 praedicto

57 1663 279 1713 censuali,
304 1663 350 1702 in
372 1662 508 1702 dictis
525 1660 774 1710 mensibus,
799 1659 1056 1699 annuatim.

134 1735 192 1775 Et
214 1746 320 1774 cum
342 1734 467 1785 ipsos
488 1732 687 1772 velimus
714 1730 847 1770 vobis
876 1736 920 1769 et
948 1729 1117 1769 vestris
1146 1727 1426 1778 consignare
1453 1737 1590 1777 super
1623 1726 1686 1764 in-

53 1805 317 1856 frascriptis
350 1803 503 1855 peytis
529 1814 646 1854 quos
675 1802 809 1842 nobis
837 1801 1015 1840 faciunt
1041 1806 1084 1839 et
1119 1798 1402 1850 respondent
1428 1797 1614 1851 Justitia
1642 1802 1688 1836 et

45 1876 202 1930 ,Jurati
218 1876 368 1916 dictae
391 1881 579 1915 nostrae
596 1874 735 1913 Villae
752 1873 807 1913 de
826 1872 1029 1922 Albalat,
1048 1883 1132 1922 pro
1148 1871 1250 1910 loco
1268 1870 1323 1909 de
1340 1868 1619 1920 Segayrent,
1638 1874 1689 1907 ut

53 1946 235 1987 facilius
264 1946 443 1997 possint
471 1945 712 1984 annuatim
739 1955 821 1995 per
849 1954 936 1983 vos
964 1942 1089 1993 exigi
1118 1948 1161 1981 et
1189 1940 1479 1991 recuperari,
1510 1939 1687 1978 idcirco

54 2030 137 2070 pro
157 2017 409 2067 solvendis,
434 2028 556 2056 anno
580 2015 798 2067 quolibet,
818 2014 951 2054 vobis
966 2019 1011 2053 et
1027 2013 1197 2053 vestris
1214 2011 1467 2063 praedictis
1482 2021 1687 2061 nongen-

54 2089 114 2129 tis
136 2089 303 2140 viginti
324 2100 415 2128 uno
437 2087 598 2127 solidis
615 2087 768 2126 dictae
784 2091 998 2126 monetae
1015 2096 1073 2124 ex
1088 2082 1343 2135 praedictis
1363 2081 1543 2122 duobus
1565 2081 1688 2120 mille

54 2161 293 2211 octoginta
311 2165 490 2210 septem
505 2157 664 2198 solidis
686 2163 729 2197 et
748 2162 853 2196 octo
871 2155 1074 2196 denariis
1092 2154 1244 2194 dictae
1260 2159 1475 2193 monetae
1497 2164 1688 2192 censua-

58 2231 192 2282 libus,
216 2230 483 2270 rendalibus
507 2235 551 2269 et
572 2228 870 2278 annualibus,
894 2238 1016 2266 anno
1039 2225 1242 2277 quolibet
1269 2223 1508 2264 solvendis
1529 2223 1601 2263 die
1624 2223 1688 2262 vi-

49 2302 229 2342 ·cesima
246 2302 407 2354 quinta
424 2300 654 2340 mensium
669 2298 882 2352 Januarii
898 2306 941 2337 et
957 2297 1067 2351 Julii
1083 2295 1335 2344 mediatim,
1352 2306 1467 2346 quos
1479 2306 1562 2334 nos
1579 2294 1687 2333 faci-

56 2385 156 2414 mus
177 2379 222 2413 et
242 2371 577 2424 respondemus
593 2357 840 2421 facereque
862 2375 905 2409 et
922 2367 1205 2420 respondere
1223 2372 1447 2417 tenemur,
1466 2372 1515 2405 ut
1532 2365 1691 2405 Domi-

55 2456 142 2485 nus
161 2444 429 2496 praedictae
450 2443 589 2483 villae
611 2442 667 2481 de
689 2441 892 2489 Albalat,
917 2446 961 2480 et
981 2439 1060 2491 qui
1081 2450 1162 2490 per
1182 2449 1268 2478 nos
1289 2444 1333 2477 et
1354 2449 1436 2489 per
1456 2437 1687 2490 Joannem

49 2514 253 2556 Sanchiz
270 2515 528 2566 agricolam
544 2519 593 2553 ut
611 2512 854 2562 sindicum,
878 2516 1087 2551 actorem
1107 2516 1151 2549 et
1167 2514 1522 2561 procuratorem
1538 2507 1691 2547 dictae

55 2586 386 2627 Universitatis
404 2585 500 2637 jam
516 2584 668 2624 dictae
686 2584 824 2623 Villae
846 2582 901 2622 de
918 2581 1107 2622 Albalat
1126 2580 1313 2620 fuerunt
1328 2579 1506 2619 venditi
1522 2584 1566 2618 et
1584 2590 1687 2618 one-

55 2658 145 2697 rati
160 2656 400 2708 praefatae
417 2655 646 2696 Dominae
662 2654 872 2706 Joannae
890 2652 946 2692 de
962 2652 1194 2702 Meneses,
1219 2650 1366 2702 pretio
1384 2650 1576 2701 triginta
1594 2649 1691 2688 mil-

58 2728 168 2768 lium
188 2727 442 2768 solidorum
463 2726 616 2766 dictae
637 2730 872 2775 monetae,
898 2735 1004 2764 cum
1024 2722 1209 2774 publico
1233 2721 1563 2762 carricamenti
1584 2732 1688 2760 cau-

55 2798 196 2839 tionis
218 2799 525 2838 instrumento
546 2808 629 2848 per
658 2796 911 2836 discretum
944 2793 1250 2834 Franciscum
1277 2793 1508 2846 Joannem
1533 2792 1688 2843 Lopez

56 2870 289 2909 notarium
309 2874 514 2920 recepto,
540 2868 625 2907 sub
647 2867 719 2907 die
741 2878 839 2906 xxv
860 2865 1033 2906 mensis
1053 2865 1161 2918 Julii
1183 2864 1293 2904 anni
1308 2863 1540 2904 millesimi
1561 2863 1690 2914 quin-

54 2940 305 2990 gentesimi
327 2938 679 2991 quadragesimi
700 2937 818 2977 sexti
828 2967 995 2976 ..........
