1969 3293
626 256 831 293 FRATRES
860 265 914 292 Ac
942 253 1155 292 SORORES.
1638 251 1711 289 393

158 356 199 396 A
228 356 271 395 la
303 365 462 403 sacra,
494 364 685 393 cesarea
716 365 747 403 y
775 351 1003 392 catholica
1032 351 1144 391 Mat
1171 350 1226 390 de
1253 351 1298 390 la
1324 348 1614 401 Emperatriz
1643 347 1653 366 ¹
1675 361 1707 400 y

81 427 245 478 Reyna
266 432 456 465 nuestra
479 424 669 464 Senora.

156 497 275 537 Pues
292 497 362 536 los
384 495 738 546 impedimentos
759 495 815 534 de
836 495 878 534 la
902 494 1035 533 salud
1056 493 1149 533 han
1171 492 1270 532 sido
1293 503 1436 532 causa
1457 490 1512 530 (16
1529 502 1588 530 no
1607 502 1662 542 yr
1680 502 1708 530 a

78 570 212 609 besar
232 569 301 607 los
320 567 418 618 pies
445 566 500 605 de
528 565 586 605 V.
619 565 729 605 Ma.t
756 597 763 615 ‚
797 576 930 605 como
959 565 1051 605 don
1078 564 1255 604 Alonso
1284 563 1346 602 mi
1373 561 1465 613 hijo
1493 562 1620 611 dira,
1650 561 1707 601 he

78 639 269 691 quei-ido
292 650 378 690 que
399 638 440 677 el
460 636 587 676 fuese
609 649 635 676 a
656 637 865 676 besarlos
891 648 977 687 por
1004 636 1080 675 mi.
1110 634 1329 686 Supplico
1359 647 1386 674 a
1412 633 1471 674 V.
1501 633 1612 673 Mass
1635 644 1709 673 me

76 710 295 762 perdone,
318 720 433 760 pues
454 720 510 748 en
532 719 643 748 caso
665 719 752 759 que
774 708 882 758 algo
904 718 952 747 se
974 706 1238 746 offreciesse
1259 717 1316 745 en
1333 716 1421 756 que
1443 704 1595 745 servir
1617 716 1706 743 con

77 781 401 832 qualesquiera
422 779 607 819 fuerzas
629 790 701 818 me
723 778 975 830 emplearia
996 788 1131 817 como
1154 776 1287 816 debO.
1312 775 1354 816 Y
1375 775 1649 827 suplicando
1681 787 1709 814 a

76 856 265 891 nuestro
286 849 431 891 Senor
453 850 606 900 traiga
627 850 671 889 la
693 849 896 889 Cesarea
918 848 1028 887 Mas
1051 853 1208 899 presto
1236 860 1266 898 y
1289 858 1376 886 con
1407 852 1538 886 tanta
1566 845 1706 885 felici-

77 921 166 962 dad
194 933 327 962 como
357 933 411 961 su
442 920 653 972 imperial
688 931 890 960 corazon
919 917 1106 968 dessea,
1139 918 1302 957 acabo.
1337 916 1469 968 Cuya
1499 917 1710 956 inmensa

75 992 260 1033 bondad
280 992 335 1032 de
357 992 475 1032 Dios
495 991 674 1043 guarde
695 991 739 1030 la
757 1001 907 1039 sacra,
928 1000 1120 1029 cesarea
1136 1001 1167 1040 y
1185 987 1416 1028 catholica
1434 999 1635 1039 persona
1654 987 1711 1028 de

74 1064 133 1104 V.
153 1063 263 1104 Ma}
286 1075 370 1115 por
386 1065 582 1114 luengos
604 1067 720 1102 anos
737 1073 826 1102 con
843 1062 883 1100 61
900 1059 1299 1100 contentamiento
1322 1071 1408 1110 que
1430 1070 1509 1098 sus
1526 1059 1710 1099 siervos

75 1148 105 1187 y
126 1135 332 1175 vasallos
354 1135 611 1174 deseamos.

154 1206 224 1246 De
246 1206 429 1247 Gandia
451 1218 477 1246 a
498 1217 529 1245 x
551 1205 606 1245 de
626 1203 761 1244 Abril
783 1204 838 1244 de
864 1203 978 1243 1531.

155 1277 225 1317 De
245 1277 305 1318 V.
336 1277 386 1317 C.
416 1276 526 1316 Mat
556 1276 712 1316 siervo
741 1287 771 1327 y
793 1274 973 1314 vasallo
1003 1285 1090 1325 que
1118 1275 1187 1313 los
1217 1273 1317 1324 pies
1345 1272 1400 1312 de
1422 1271 1480 1311 V.
1506 1271 1555 1312 C.
1579 1270 1690 1311 Mat

79 1348 205 1397 besa,

932 1488 999 1528 EL
1020 1487 1187 1533 DUQUE
1208 1498 1268 1526 DE
1289 1485 1494 1526 GANDIA.

153 1704 258 1744 Fuit
279 1703 547 1754 Alphonsus
569 1704 624 1744 de
646 1702 819 1753 Borgia
840 1708 884 1742 et
905 1701 1102 1752 Aragon
1123 1700 1284 1741 Abbas
1306 1699 1599 1749 Monasterii,
1625 1698 1706 1739 Or-

76 1774 194 1814 dinis
215 1773 260 1814 S.
286 1774 526 1824 Bernardi,
550 1775 597 1814 in
618 1774 871 1824 Valdigna‚
895 1773 941 1812 in
958 1773 1080 1813 valle
1101 1771 1156 1812 de
1173 1770 1450 1821 Alfandech‚
1473 1769 1709 1810 Gandiam

76 1846 193 1886 inter
214 1851 258 1885 et
278 1844 586 1896 Carcagente3
609 1851 653 1885 et
673 1845 763 1885 hac
784 1844 880 1884 vita
909 1842 1134 1884 excedere
1162 1848 1268 1882 ante
1298 1853 1471 1882 annum
1503 1840 1604 1880 1538
1633 1841 1707 1880 de-

77 1917 188 1968 buit3
217 1929 326 1956 nam
358 1917 396 1956 si
425 1917 636 1967 vixisset,
668 1927 762 1956 non
791 1915 954 1955 fuisset
981 1926 1007 1954 a
1028 1919 1161 1966 patre
1188 1914 1235 1953 in
1262 1918 1556 1963 testamento,
1585 1911 1710 1963 quod

79 1988 198 2029 illius
219 1987 327 2027 anni
348 1987 583 2027 februario
605 1998 763 2027 mense
786 1985 999 2037 confecit,
1024 1984 1398 2037 praetermissus.

398 2341 602 2383 MARIA
629 2341 714 2383 DE
744 2339 978 2382 BORGIA
1008 2339 1086 2380 ET
1115 2338 1380 2379 ARAGON

159 2627 229 2668 De
259 2628 360 2668 loco
388 2632 432 2667 et
459 2633 683 2678 tempore,
713 2638 804 2678 quo
832 2625 982 2666 Maria
1012 2625 1068 2665 de
1098 2624 1271 2675 Borgia
1298 2629 1343 2663 et
1371 2623 1569 2672 Aragon
1596 2627 1708 2660 nata

80 2706 162 2751 est,
186 2699 300 2739 nihil
320 2699 485 2739 litteris
507 2699 835 2749 consignatum
854 2697 1135 2748 reperimus3
1159 2695 1240 2735 sed
1268 2694 1408 2734 certis
1428 2691 1710 2744 conjecturis

81 2770 309 2810 affirmare
324 2770 432 2810 licet
453 2781 556 2809 eam
572 2769 619 2809 in
638 2770 789 2809 lucem
809 2768 982 2808 editam
1004 2766 1231 2816 Gandiae,
1265 2765 1385 2805 sicut
1413 2764 1511 2816 ejus
1539 2763 1710 2803 fratres

81 2847 124 2881 et
151 2852 358 2891 sorores,
390 2846 434 2880 6(
463 2841 589 2880 circa
611 2851 785 2880 annum
809 2838 923 2878 1513.

160 2911 348 2952 Certum
378 2911 564 2963 quidem
598 2911 784 2951 videtur
819 2921 922 2950 eam
956 2909 1145 2961 reliquis
1179 2909 1391 2962 Joannae
1427 2907 1482 2947 de
1514 2905 1711 2956 Aragon

137 3071 146 3090 ¹
185 3071 371 3103 Elisabeth,
388 3072 500 3100 Caroli
516 3080 611 3100 uxor.
