2063 3283
686 244 916 283 Appmmx
945 244 1132 291 Qunam
1674 247 1741 283 187

99 349 231 384 tanto
251 347 358 382 ante
378 347 608 393 tempore,
638 348 825 394 tamque
851 341 1109 392 constanti,
1140 353 1195 381 ac
1224 342 1362 382 toties
1388 341 1588 393 repetita
1620 352 1740 380 voce

101 412 398 466 praedixerit.
416 413 496 453 Eis
518 413 616 464 ipse
636 412 683 453 in
703 412 824 453 hunc
846 412 1038 453 modum
1058 412 1358 464 respondisse
1378 412 1553 453 fertur:-
1567 423 1739 452 memo-

101 484 197 524 riae
218 483 329 523 mihi
350 488 440 531 est,
464 483 574 524 olim
595 482 708 523 mihi
729 483 1074 524 adolescentulo
1098 481 1241 523 fuisse
1271 482 1447 523 dictum
1476 495 1503 523 a
1531 483 1638 524 viro
1663 483 1740 522 illo

101 554 313 595 doctrina
335 565 389 594 ac
410 554 605 605 pietate,
628 560 673 594 et
693 555 820 594 vitae
841 553 1089 595 sanctitate
1111 553 1315 594 maxime
1337 553 1534 604 insigni,
1567 553 1738 594 famae·

101 636 188 677 que
210 623 483 664 claritudine
505 625 615 665 olim
635 630 732 665 toto
754 625 865 665 orbe
887 622 1205 675 celeberrimo,
1228 623 1481 664 Vincentio
1504 624 1736 675 Ferrerio,

102 694 276 736 ordinis
309 695 708 747 praedicatorum,
749 695 847 735 fore
875 695 1127 746 aliquando
1156 701 1205 735 ut
1232 692 1498 735 mortalium
1534 696 1737 736 omnium

96 777 187 817 ego
204 765 598 806 eminentissimus
615 777 779 816 essem,
798 771 939 817 utque
961 765 1112 816 ipsum
1130 765 1227 817 jam
1242 765 1340 805 vita
1357 766 1568 807 functum
1588 778 1738 807 essem

96 848 237 888 >super
258 837 480 877 mortales
501 848 663 876 omnes
683 836 819 876 laude
840 842 979 887 atque
1002 836 1201 886 honore,
1230 843 1276 876 et
1303 837 1609 877 veneratione
1638 844 1743 889 pro·

100 913 358 948 secuturus.
382 907 513 948 Haec
534 918 622 958 ego
652 907 771 947 tanti
791 906 884 947 viri
912 906 1060 957 dicta,
1092 905 1216 957 quod
1243 913 1430 957 praeter
1457 907 1739 957 doctrinam,

98 985 145 1018 et
165 978 407 1029 virtutem,
431 977 770 1029 integritatem,
794 983 933 1029 atque
955 977 1277 1026 sanctitatem,
1307 976 1571 1018 suturarum
1597 979 1740 1019 etiam

101 1050 352 1089 multarum
386 1060 542 1089 rerum
575 1048 817 1100 praescius
851 1054 986 1088 vates
1013 1053 1139 1098 erat,
1170 1047 1235 1087 ita
1262 1048 1518 1088 memoriae
1553 1048 1737 1089 condita

101 1119 248 1172 tenui,
283 1126 334 1160 ut
367 1118 469 1171 eJ'us
492 1119 560 1160 rei
593 1120 720 1160 nulla
752 1130 975 1171 umquam
1002 1118 1197 1159 cesserit
1230 1118 1419 1159 oblivio.
1450 1118 1568 1160 Cum
1597 1120 1740 1171 igitur

101 1202 243 1242 nunc,
278 1191 400 1242 quod
431 1191 507 1232 ille
540 1190 747 1232 futurum
773 1189 1093 1243 praedixerat,
1123 1188 1301 1230 factum
1325 1189 1423 1241 jam
1449 1191 1497 1231 in
1525 1202 1621 1243 me,
1652 1190 1739 1231 Dei

100 1273 311 1313 munere,
335 1262 542 1310 videam;
566 1262 681 1302 nihil
701 1262 868 1314 reliqui
888 1266 979 1312 est,
1003 1260 1093 1301 nisi
1114 1267 1164 1301 ut
1185 1261 1233 1300 in
1252 1260 1354 1312 ipso
1384 1272 1473 1312 ego
1503 1261 1736 1313 impleam,

96 1332 224 1384 quod
244 1345 270 1373 a
298 1345 371 1374 me
397 1333 615 1386 pontifice
642 1333 848 1374 maximo
877 1332 924 1373 in
950 1344 1000 1373 se
1029 1332 1316 1384 implendum
1344 1332 1629 1374 vaticinatus
1653 1339 1737 1374 est.

101 1403 183 1444 Est
208 1415 322 1455 ergo
353 1415 458 1445 mea
485 1405 738 1455 sententia,
770 1410 820 1445 ut
846 1410 1005 1445 tantus
1032 1403 1106 1444 vir
1134 1403 1255 1443 inter
1282 1402 1457 1444 Christi
1484 1402 1685 1445 Sanctos
1714 1417 1738 1444 a

100 1485 194 1526 me,
212 1487 361 1528 vquam
379 1476 581 1527 primum
601 1475 699 1516 fieri
717 1476 907 1528 poterit,
929 1474 1203 1525 referatur.„
1236 1473 1374 1524 (Vide
1401 1473 1739 1516 Vnmmwrzva:

116 1545 242 1595 Vt'aje
262 1545 498 1597 literario,
519 1552 646 1587 tomo
669 1546 751 1595 IV.)

456 1880 762 1908 CARDENALES
783 1879 991 1908 CREADOS
1013 1879 1098 1908 POR
1119 1877 1321 1906 CALIXTO
1344 1878 1389 1906 111

122 2135 127 2137 -
182 2110 237 2151 El
255 2114 346 2150 ano
367 2109 423 2150 de
448 2109 549 2150 1456
569 2110 666 2160 (x1v
682 2109 773 2150 kal.
794 2110 1026 2160 Octobris)
1044 2111 1150 2151 hizo
1167 2112 1212 2151 la
1227 2111 1433 2163 primera
1450 2110 1669 2151 creacion
1686 2110 1743 2150 de

101 2180 401 2232 Cardenales,
425 2184 453 2221 a
473 2181 626 2222 saber:
649 2193 711 2221 un
732 2181 964 2222 Cardenal
992 2180 1262 2222 Presbitero
1283 2194 1314 2234 y
1341 2181 1427 2222 dos
1455 2180 1743 2222 Cardenales

103 2251 356 2303 Diaconos,
379 2263 467 2304 que
489 2254 582 2293 alin
603 2264 717 2293 eran
732 2251 939 2303 jovenes.
966 2252 1009 2292 Y
1032 2252 1216 2293 fueron:

188 2323 248 2363 1.⁰
301 2323 423 2377 Juan
452 2324 565 2364 Luis
591 2323 663 2363 del
691 2323 823 2374 Mila,
856 2323 1147 2364 valenciano.
1177 2322 1284 2375 Hijo
1312 2324 1368 2364 de
1397 2335 1491 2364 una
1518 2323 1745 2363 hermana

104 2393 178 2434 del
197 2393 325 2446 Papa
347 2394 546 2435 Calixto.
570 2394 667 2435 Fue
690 2394 922 2435 Cardenal
938 2393 1204 2435 Presbitero
1222 2394 1364 2434 delos
1381 2393 1556 2434 Cuatro
1573 2392 1746 2434 Santos

105 2464 380 2505 Coronados
400 2478 432 2517 y
452 2465 645 2516 Legado
667 2477 725 2505 en
745 2464 956 2505 Bolonia.
1693 2510 1699 2518 ι

185 2536 249 2576 2.0
305 2536 483 2590 Jacobo
503 2535 790 2587 Portugues,
813 2537 1002 2576 sobrino
1026 2537 1099 2577 del
1120 2536 1221 2589 Rey
1243 2536 1300 2577 de
1329 2536 1568 2588 Portugal.
1600 2535 1745 2575 Arzo-

108 2606 240 2659 bispo
268 2608 415 2648 electo
449 2607 506 2648 de
532 2607 719 2648 Lisboa.
751 2607 984 2648 Cardenal
1011 2607 1226 2648 Diacono
1255 2608 1311 2648 de
1338 2606 1484 2648 Santa
1519 2607 1670 2646 Maria
1700 2605 1744 2645 in

108 2676 314 2718 Porticu.

188 2749 252 2788 3.⁰
309 2749 517 2801 Rodrigo
537 2749 594 2790 de
621 2748 782 2800 Borja,
811 2748 903 2800 hijo
932 2749 987 2790 de
1018 2755 1121 2790 otra
1147 2750 1380 2790 hermana
1403 2749 1477 2789 del
1503 2748 1632 2800 Papa
1665 2748 1747 2789 Ca-

110 2819 237 2860 lixt0.
264 2819 497 2861 Cardenal
516 2820 728 2860 Diacono
752 2820 807 2860 de
829 2820 923 2861 San
942 2819 1133 2861 Nicolas
1154 2820 1200 2860 in
1221 2820 1425 2861 Carcere
1446 2819 1677 2860 Tulliano.

189 2890 257 2931 La
277 2891 488 2942 segunda
510 2892 727 2932 creacion
748 2891 804 2931 de
825 2891 1111 2941 Cardenales
1132 2891 1281 2931 hecha
1302 2902 1388 2942 por
1410 2890 1613 2941 Calixto,
1633 2897 1747 2930 tuvo

111 2960 246 3012 lugat·
267 2973 324 3002 en
345 2961 611 3002 Diciembre
632 2962 705 3002 del
722 2962 887 3002 mismo
904 2966 995 3002 ano
1016 2961 1116 3001 1456
1137 2962 1235 3012 (XVI
1250 2961 1341 3002 kal.
1361 2960 1608 3014 Januarii).
1629 2960 1748 3001 Creo

111 3032 205 3071 seis
225 3031 511 3072 Cardenales
532 3031 841 3072 Presbiteros.
