1969 3293
287 795 379 846 DE
429 792 700 846 SANCTI
752 792 1153 844 FRANCISCI
1204 790 1487 844 BORGIA

487 1028 825 1067 FRATRIBUS
856 1027 929 1064 ET
956 1026 1282 1064 SORORIBUS

149 1379 197 1419 In
218 1378 353 1430 hujus
375 1379 624 1419 voluminis
647 1379 839 1419 exordio
861 1385 904 1418 et
925 1377 1203 1429 praesertim
1225 1388 1251 1416 a
1273 1376 1448 1427 pagina
1468 1375 1520 1414 25
1547 1386 1701 1414 sermo

68 1451 251 1503 saepius
270 1451 423 1491 factus
443 1457 512 1491 est
533 1451 588 1491 de
608 1451 830 1491 fratribus
852 1456 896 1489 et
918 1448 1157 1489 sororibus
1189 1447 1342 1488 Patris
1371 1447 1407 1487 F
1412 1446 1616 1487 rancisci
1646 1446 1701 1486 de

69 1523 252 1573 Borgia.
275 1522 363 1562 Hic
385 1528 542 1562 autem
561 1522 796 1574 quidquid,
820 1521 933 1561 novi
953 1519 1246 1572 praesertim,
1270 1525 1319 1559 ut
1342 1519 1398 1558 de
1426 1518 1493 1558 eis
1521 1518 1702 1569 plenior

69 1593 417 1645 distinctiorque
433 1593 597 1634 notitia
615 1594 855 1643 habeatur,
874 1603 1058 1644 quoquo
1078 1591 1215 1631 modo
1238 1590 1450 1630 conferre
1466 1589 1631 1641 possit,
1656 1589 1702 1628 in

68 1676 207 1705 unum
228 1665 448 1715 colligere
469 1664 772 1704 studebimus.
796 1664 867 1703 Ex
887 1663 953 1703 eis
974 1662 1097 1703 enim
1124 1663 1281 1713 plures
1305 1660 1466 1712 primis
1494 1659 1699 1700 Societa-

71 1736 129 1776 tis
149 1735 363 1775 Patribus
384 1735 553 1786 Fabro,
575 1735 745 1785 AraOZ,
771 1733 964 1784 Oviedo,
984 1740 1089 1781 etc.,
1110 1732 1473 1773 familiarissime
1490 1738 1597 1771 sunt
1613 1731 1699 1781 usi,

68 1805 254 1858 quidam
274 1812 429 1847 autem
450 1807 591 1846 etiam
612 1806 671 1846 ab
692 1806 792 1858 ipso
820 1805 993 1846 Sancto
1020 1804 1204 1856 Ignatio
1234 1815 1314 1854 per
1344 1803 1524 1843 litteras
1553 1803 1701 1842 consi-

68 1878 176 1917 lium
197 1883 241 1918 et
262 1878 470 1917 solamen
490 1884 534 1918 et
555 1877 848 1929 expetierunt
868 1883 912 1917 et
944 1882 1225 1928 acceperunt
1253 1882 1296 1914 et
1326 1873 1608 1915 Societatem
1639 1874 1697 1913 ab

69 1948 167 1999 ipso
188 1948 447 1988 institutam
470 1948 714 1999 insigniter
736 1948 970 1995 foverunt,
994 1947 1195 1999 plurium
1223 1947 1412 1997 insuper
1443 1945 1702 1985 enodandis

69 2019 288 2070 negotiis,
322 2026 547 2071 quantum
575 2031 658 2071 per
685 2031 860 2059 novum
891 2019 1018 2059 vitae
1048 2029 1219 2069 genus,
1253 2017 1376 2069 quod
1408 2017 1702 2068 amplexatus

69 2089 231 2140 fuerat,
254 2090 437 2141 licebat,
463 2102 595 2130 suam
616 2090 714 2142 ipse
735 2090 784 2130 P.
807 2089 1090 2129 Franciscus
1112 2095 1155 2128 et
1178 2088 1506 2128 auctoritatem
1529 2094 1573 2128 et
1595 2099 1699 2138 pru-

70 2161 271 2201 dentiam
304 2162 540 2213 applicuit.
569 2162 702 2203 Unde
736 2160 873 2212 hujus
904 2173 979 2201 res
1009 2170 1169 2212 gestas
1198 2160 1591 2210 conscribentem,
1623 2159 1700 2211 qui

71 2231 165 2283 ejus
184 2232 353 2272 fratres
375 2245 621 2273 sororesve
637 2233 807 2273 fuerint
825 2232 995 2284 quidve
1012 2232 1257 2283 gesserint,
1278 2231 1409 2272 nefas
1427 2238 1494 2272 est
1512 2231 1700 2271 omnino

70 2303 300 2354 ignorare.

212 2529 273 2556 DE
295 2529 446 2556 TERTII
468 2529 677 2557 GANDIAE
700 2528 831 2557 DUCIS
851 2529 1029 2557 LIBERIS
1050 2528 1320 2557 GENERALIA
1342 2528 1567 2562 QUAEDAM

150 2727 201 2768 In
221 2729 382 2769 varios
401 2730 642 2770 variorum
664 2736 908 2770 auctorum
939 2729 1106 2779 libros,
1139 2735 1235 2769 tum
1265 2729 1480 2780 antiquos
1507 2736 1605 2770 tum
1631 2742 1698 2770 re-

74 2804 241 2849 centes,
265 2799 312 2839 in
332 2800 500 2851 quibus
520 2799 576 2840 de
596 2800 793 2853 Joannis
814 2800 870 2840 de
892 2799 1055 2851 Borja,
1079 2800 1205 2840 tertii
1225 2799 1437 2841 Gandiae
1459 2800 1625 2851 Ducis,
1650 2801 1696 2840 li—

72 2867 191 2908 beris
213 2869 382 2921 agitur,
406 2871 525 2911 varii
545 2882 631 2911 nec
652 2871 779 2910 leves
796 2882 981 2910 errores
998 2871 1244 2922 irrepsere.
1267 2871 1361 2911 Aut
1382 2872 1505 2911 enim
1526 2871 1583 2910 1.Ο
1601 2872 1696 2921 plu-

73 2948 146 2978 res
166 2940 470 2990 paucioresve
491 2942 532 2981 ei
552 2941 684 2981 liberi
715 2942 979 2982 tribuuntur
1009 2953 1148 2993 quam
1175 2953 1341 2993 reapse
1367 2943 1584 2993 extitere,
1617 2948 1697 2982 aut

72 3007 138 3046 2.⁰
159 3010 234 3060 qui
257 3022 314 3050 ex
334 3011 488 3062 priore
508 3011 653 3052 Ducis
674 3023 834 3061 uxore,
853 3011 935 3051 D.a
951 3011 1133 3064 Joanna
1150 3012 1206 3052 de
1222 3012 1433 3064 Aragon‚
1454 3014 1511 3054 ab
1529 3014 1598 3063 iis,
1618 3014 1697 3064 qui
