1969 3293
191 120 262 156 (³90
740 118 781 156 S.
812 119 1085 157 FRAxcichs
1114 120 1286 157 ssoRGlA

191 218 303 256 tima
325 217 498 256 mensis
528 216 729 267 Augusti
762 217 872 256 anni
898 217 1154 256 millessimi
1178 217 1565 268 quingentessimi
1594 219 1830 259 vicessimi

191 287 391 338 septimi.

272 358 384 398 Item
403 357 540 398 Petro
557 358 780 398 Lizerazo
802 359 941 398 etiam
963 357 1061 409 ejus
1083 359 1256 398 famulo
1277 361 1548 410 spuelarum
1570 359 1768 400 dimissit
1787 368 1829 400 et

192 429 369 479 legavit
404 429 521 469 alias
550 430 819 469 consimiles
848 430 1041 481 triginta
1073 430 1216 469 libras
1247 442 1364 482 quas
1400 431 1594 471 assimili
1632 430 1639 448 ¹
1680 431 1828 472 eidem

191 500 377 553 suerunt
398 512 481 551 per
503 512 588 540 nos
610 502 791 540 solutae
814 508 856 540 et
887 507 1128 552 paccatae‚
1154 508 1202 540 ut
1226 509 1421 552 apparet
1439 513 1546 542 cum
1564 503 1654 542 alia
1680 514 1835 554 apoca

191 583 273 622 per
295 572 471 611 dictum
491 572 721 625 Joannem
746 572 990 623 Monrroig
1018 573 1253 612 notarium
1275 580 1480 624 recepta,
1506 574 1729 614 vicesima
1763 586 1829 614 se—

190 643 335 694 ptima
357 643 531 682 mensis
555 643 757 693 Augusti
780 643 890 683 anni
912 643 1169 683 millessimi
1188 644 1575 695 quingente-ssimi
1592 645 1830 685 vicessimi

190 714 362 765 quniti:
388 726 505 765 quae
529 714 715 766 quidem
738 716 893 765 legata
917 721 961 754 et
992 715 1298 766 pecuniarum
1330 716 1614 767 quantitates
1636 715 1732 767 jam
1758 728 1829 756 su-

190 786 346 836 perius
377 785 552 836 scripta
585 797 639 824 ac
672 786 1020 837 particulariter
1051 786 1297 837 designata
1330 793 1374 826 et
1406 787 1681 838 designatae
1705 799 1829 827 sum-

189 869 313 897 mam
336 857 527 908 capiunt
550 858 866 897 universalem
888 858 1029 897 trium
1050 858 1174 897 mille
1196 864 1515 898 trecentarum
1532 859 1829 910 septuaginta

188 929 393 980 quinque
415 929 641 968 librarum
663 929 900 980 praefixae
922 936 1152 977 monetae,
1178 941 1298 981 quac
1321 929 1572 978 deductae,
1592 930 1832 970 detractae

189 1006 235 1040 et
256 1000 507 1040 difalcatae
530 1000 542 1018 ²
566 1013 591 1040 a
616 1001 871 1051 praedictis
893 1001 1053 1040 decem
1077 1012 1247 1040 novem
1279 1001 1404 1041 mille
1436 1002 1672 1041 sexcentis
1700 1002 1832 1041 libris

189 1071 312 1111 dotis
333 1072 629 1123 praedictae,
654 1072 738 1111 fuit
760 1078 804 1111 et
822 1079 892 1111 est
911 1072 956 1111 in
973 1072 1174 1112 veritate
1194 1078 1431 1123 repertum
1449 1072 1650 1124 imposse
1670 1079 1831 1113 nostro

187 1154 447 1192 remanere,
473 1150 516 1182 et
538 1154 623 1182 nos
647 1143 774 1192 dare,
794 1144 994 1193 solvere,
1021 1143 1264 1183 restituere
1287 1150 1331 1182 et
1352 1149 1542 1183 tornare
1561 1143 1730 1184 debere
1752 1156 1827 1184 vo-

186 1213 257 1254 bis
274 1213 371 1265 jam
392 1214 517 1254 dicto
540 1214 634 1254 filio
656 1221 817 1254 nostro
840 1214 1125 1254 hereditario
1149 1214 1335 1254 nomine
1357 1221 1465 1254 ante
1487 1214 1633 1264 dicto,
1658 1215 1827 1255 solum-

187 1285 326 1325 modo
348 1286 586 1325 scxdecim
608 1286 732 1325 mille
755 1286 982 1326 ducentas
1001 1286 1169 1337 viginti
1186 1286 1390 1337 quinque
1416 1286 1559 1326 libras
1587 1286 1828 1338 praefatae

186 1365 420 1397 monetae.
1573 1402 1576 1405 ,

268 1428 323 1468 Et
345 1429 563 1480 quamvis
584 1428 640 1468 de
657 1427 775 1479 jure,
798 1428 899 1468 foro
918 1427 1163 1479 etjusticia
1189 1441 1272 1468 nos
1295 1429 1482 1468 minime
1503 1429 1718 1480 compelli
1740 1441 1826 1469 nec

186 1499 370 1539 sortiari
401 1499 414 1517 ⁵
446 1500 699 1551 possimus,
733 1512 818 1540 nec
855 1500 1089 1551 obligatus
1125 1512 1206 1539 seu
1242 1500 1463 1540 astrictus
1502 1500 1512 1517 '⁴
1548 1512 1728 1548 sumus,
1767 1500 1825 1540 ad

187 1572 480 1622 praedictam
502 1571 659 1611 dotem
680 1583 761 1611 seu
794 1570 893 1622 ejus
926 1571 1162 1611 residuam
1194 1580 1374 1622 partem
1406 1572 1702 1621 solvendam,
1734 1579 1826 1612 tor-

186 1643 392 1683 nandam
414 1655 500 1683 nec
522 1643 882 1691 restituendam,
906 1643 1004 1682 vita
1028 1651 1190 1683 nostra
1212 1642 1430 1691 durante,
1464 1643 1628 1694 vigore
1658 1642 1820 1682 beneti

185 1715 246 1755 cii
268 1715 490 1763 deducto,
520 1726 578 1754 ne
605 1721 744 1765 egeat
776 1713 810 1763 ⁵,
848 1714 980 1754 nobis
1018 1714 1313 1765 pertinentis,
1351 1720 1539 1754 atamen
1576 1726 1633 1753 ex
1665 1721 1826 1754 nostra

184 1786 517 1834 determinata,
555 1797 673 1837 pura
709 1797 764 1826 ac
800 1797 929 1825 mera
964 1786 1229 1835 voluntate,
1271 1797 1431 1825 amore
1467 1791 1510 1825 et
1547 1785 1827 1824 liberalitate

181 1858 480 1898 decrevimus
497 1864 541 1897 et
559 1857 944 1907 deliberavimus,
965 1857 1256 1907 praedictam
1274 1862 1530 1896 restantem
1547 1856 1669 1896 dotis
1685 1868 1828 1908 quan-

183 1931 388 1979 titatem,
428 1941 551 1969 nunc
580 1935 625 1968 et
660 1929 706 1968 in
740 1929 838 1968 vita
869 1935 1053 1978 nostra,
1086 1928 1219 1968 vobis
1242 1928 1367 1968 dicto
1389 1927 1480 1968 filio
1502 1934 1665 1967 nostro
1698 1939 1828 1979 prae-

184 2001 310 2041 dicto
333 2001 618 2041 hereditario
639 2000 827 2040 nomine
850 2000 1045 2040 libenter
1066 2000 1337 2049 restituere,
1368 2006 1558 2039 tornare
1589 2006 1655 2046 et,
1690 1999 1828 2038 modo

184 2084 240 2113 ac
261 2072 411 2112 forma
433 2072 628 2112 inferius
651 2071 973 2122 assignandis,
998 2072 1183 2111 solvere
1210 2078 1254 2111 et
1277 2082 1474 2121 pacare:
1507 2076 1551 2110 et
1583 2071 1691 2122 quia
1726 2081 1826 2116 vos,

183 2144 424 2195 praefatus
445 2144 729 2184 Franciscus
752 2144 808 2184 de
830 2142 969 2194 Borja
991 2143 1113 2183 filius
1141 2150 1326 2193 noster,
1358 2154 1451 2182 non
1480 2142 1538 2182 ad
1567 2154 1678 2182 suae
1707 2153 1829 2182 com-

182 2216 355 2266 pletam
378 2222 549 2256 etatem
572 2215 740 2266 viginti
761 2226 993 2254 annorum
1013 2214 1217 2264 habetis,
1245 2212 1258 2231 ⁸
1292 2215 1397 2253 licet
1429 2213 1529 2253 sitis
1552 2212 1649 2264 jam
1679 2213 1829 2264 major

240 2426 248 2445 ¹
290 2425 460 2457 assimili,
475 2425 574 2453 simili
592 2425 737 2452 ratione.

236 2474 250 2492 ²¹
292 2473 477 2508 Difalcare
492 2478 551 2500 aut
579 2473 774 2508 defalcare,
790 2473 932 2506 hispane
949 2472 1112 2507 defalcar
1128 2474 1183 2500 vel
1200 2472 1394 2505 dessalcar,
1411 2473 1503 2499 venit
1522 2480 1540 2499 a
1557 2473 1644 2499 falce
1660 2479 1791 2499 secare.

236 2521 251 2540 3
282 2521 446 2556 fortini-i,
462 2522 604 2555 hispane
621 2520 853 2556 serforzadm
868 2522 953 2555 cogi.

237 2571 251 2589 4
290 2570 433 2600 obligati
448 2577 508 2596 seu
522 2569 670 2596 astricti.

238 2616 251 2635 5
289 2617 408 2648 vigore
427 2616 589 2651 beneficii
604 2616 752 2643 deducto
769 2625 811 2643 ne
828 2622 938 2648 egeas
958 2616 1040 2643 Cum
1064 2616 1152 2650 apud
1178 2620 1337 2643 auctores
1360 2616 1457 2642 medii
1482 2616 1560 2643 aevi
1575 2616 1677 2649 vigor
1703 2614 1827 2649 signifi-

182 2672 264 2692 care
278 2665 383 2698 possit
397 2668 528 2691 textum
541 2664 660 2698 scripti
675 2665 829 2699 alicujus,
843 2669 875 2691 et
890 2665 1076 2695 deducere,
1088 2671 1269 2698 exponere,
1282 2671 1458 2696 enarrare,
1473 2671 1591 2690 sensus
1604 2663 1741 2690 videtur
1753 2671 1826 2690 esse

182 2711 248 2738 hic:
263 2711 407 2738 deducto
419 2714 596 2741 (enarrato
609 2719 667 2738 seu
679 2712 798 2743 allato)
812 2712 930 2746 vigore
943 2712 1068 2744 (textul
1083 2711 1235 2738 beneficii
1248 2710 1446 2745 (privilegii,
1460 2710 1685 2738 immunitatis
1696 2718 1828 2737 conces--

186 2759 312 2789 sionis>z
330 2766 373 2786 ne
388 2761 498 2792 egeat.
514 2759 606 2791 Quae
624 2764 797 2793 postrema
814 2761 921 2786 verba
938 2760 1099 2786 videntur
1115 2767 1187 2786 esse
1205 2759 1314 2793 prima
1331 2759 1363 2785 in
1379 2762 1487 2788 textu.
1505 2759 1561 2786 vel
1577 2759 1720 2793 alicujus
1736 2759 1828 2785 clau-

184 2807 279 2834 sulae
296 2807 493 2833 testamenti
510 2807 662 2839 joannae
679 2808 718 2834 de
735 2808 889 2841 Aragon,
906 2808 962 2834 vel
978 2807 1167 2841 privilegii.
1192 2811 1250 2833 aut
1274 2806 1440 2841 Principis
1463 2807 1590 2841 gratia,
1606 2812 1663 2833 aut
1681 2807 1766 2840 lege,
1784 2806 1826 2832 ad

185 2855 349 2888 Joannem
365 2855 404 2881 de
418 2854 522 2889 Borja
535 2855 747 2889 pertinentis.

237 2900 251 2922 ⁶
289 2910 356 2929 non
372 2902 418 2929 ad
433 2909 519 2929 snae
535 2903 746 2937 completam
764 2905 893 2930 elatem
916 2903 1048 2937 viginti
1072 2910 1247 2929 annorum
1272 2902 1423 2930 hahetis.
1449 2902 1600 2930 Sumitur
1622 2902 1823 2937 quandoque

182 2950 273 2985 apud
289 2951 476 2985 scriptores
492 2951 592 2978 medii
608 2952 686 2978 aexi
703 2958 789 2977 snus
806 2959 866 2985 pro
882 2953 977 2984 tuus,
1001 2953 1077 2978 etas
1094 2952 1147 2977 vel
1165 2953 1265 2977 aetas
1280 2957 1341 2985 pro
1358 2951 1472 2985 major
1487 2953 1588 2978 aetas
1603 2958 1661 2977 seu
1674 2957 1740 2985 qua
1753 2949 1827 2983 quis
