1969 3293
172 119 239 154 744
719 123 761 158 5.
791 123 1063 161 FRAxciscth
1094 124 1260 162 Bonum

172 227 339 265 nymus
361 215 473 255 Roiz
503 218 777 258 sollicitator
807 220 916 259 dicti
946 221 1038 260 dni.
1071 223 1200 262 ducis
1223 225 1423 271 grandiae
1457 227 1640 267 curiam
1672 229 1811 280 impc-

171 287 332 325 rialem
355 299 433 326 seu
454 289 586 338 ugia
609 291 866 340 sequentis.

466 360 679 409 proxime
703 361 829 401 dicti.

225 589 286 616 Die
303 590 372 625 xvij
391 591 493 618 mesis
508 590 596 623 Junii
614 599 712 625 ann0‚
728 595 907 628 praedicto
923 594 963 621 M.
981 595 1019 622 D.
1038 597 1193 631 xxxxvij.

248 715 493 757 Praefatus
515 719 767 760 admodum
789 720 986 760 Illustris
1008 721 1098 760 don
1122 721 1321 779 Carolus
1343 722 1398 763 de
1420 723 1574 775 borja,
1600 728 1810 768 marchio

168 787 223 826 de
245 788 435 840 lombay
455 790 523 841 &.,
548 797 812 831 conuocato
834 804 907 831 me
929 791 1123 832 Onofrio
1146 805 1283 844 perez
1305 794 1360 834 de
1383 794 1535 845 CuHa,
1566 798 1700 847 regia
1730 810 1807 838 au-

164 859 357 910 toritate
379 861 565 912 publico
587 862 721 912 not.⁰‚
746 868 791 902 et
813 863 1009 903 testibus
1032 864 1358 916 infrascriptis,
1384 866 1516 915 dixit,
1536 868 1657 918 quod
1675 881 1806 910 reuo-

166 931 319 981 cabat,
344 933 739 983 quemadmodum
763 935 1019 985 reuocauit,
1044 943 1379 986 procuratores
1401 949 1511 978 suos
1539 940 1807 990 praedictos

168 1003 212 1042 in
234 1004 462 1054 proximis
483 1007 823 1056 procuratoriis
845 1007 1134 1047 instrumetis
1156 1008 1436 1059 nominatos,
1457 1010 1585 1061 absq.
1607 1011 1725 1052 horu
1743 1012 1807 1053 in-

166 1074 335 1116 t'amiae
356 1083 481 1127 nota,
506 1083 549 1117 et
571 1078 712 1118 etiam
734 1079 993 1127 reuocauit,
1021 1079 1122 1130 ipsa
1146 1081 1471 1130 procuratoria
1495 1081 1659 1122 instra.
1680 1085 1808 1134 quod

167 1147 225 1186 ad
246 1159 296 1187 se
318 1148 558 1197 attinebat,
583 1162 638 1199 co
660 1161 710 1189 es
738 1162 795 1189 en
827 1158 1037 1201 respecte
1068 1157 1147 1190 tan
1179 1152 1376 1191 solamet
1407 1152 1462 1192 de
1490 1154 1547 1192 eli
1575 1153 1639 1193 dit
1669 1159 1810 1194 sefior

166 1218 401 1271 Marques,
427 1221 688 1261 abdicando
711 1222 769 1261 ab
792 1222 857 1261 eis
880 1233 1016 1262 omne
1038 1234 1179 1274 posse
1197 1224 1265 1273 &.‚
1286 1222 1532 1275 injungens
1551 1225 1599 1264 δι.
1621 1225 1691 1265 De
1708 1227 1805 1277 qui-

166 1291 252 1331 bus
272 1292 322 1331 ἃ.
347 1298 504 1332 actum
527 1299 595 1333 est
617 1293 707 1333 hoc
730 1293 942 1334 Gandiae
965 1294 1013 1334 &.

247 1362 412 1404 Testes
429 1363 564 1415 hujus
581 1365 648 1405 rei
665 1372 771 1405 sunt
791 1365 881 1405 Rdi
904 1371 1064 1416 petrus
1081 1365 1330 1417 SisterneS,
1350 1368 1597 1420 presbyter
1619 1371 1809 1410 canoni-

164 1446 249 1475 cus
271 1436 499 1476 ecclesiae
527 1438 806 1488 collegiatae
836 1437 975 1477 villae
1004 1438 1217 1479 Gandiae
1245 1445 1289 1478 et
1320 1439 1533 1480 onofrius
1560 1440 1807 1492 Martinez‚

164 1506 413 1559 presbyter
439 1515 595 1548 rector
622 1509 851 1549 ecclesiae
880 1510 936 1550 de
967 1510 1172 1561 lombay,
1205 1516 1250 1549 et
1278 1521 1305 1549 a
1338 1511 1534 1551 secretis
1560 1512 1677 1552 lll.mi
1709 1513 1806 1553 dni.

163 1578 296 1619 ducis
314 1578 544 1620 Gandiae.

672 1903 1040 1945 ALPHONSUS
1071 1903 1307 1945 BORGIA

165 2032 375 2061 votestatem
396 2029 541 2063 juridice
558 2029 764 2056 transmittit
779 2029 880 2056 fratri
895 2037 956 2057 suo
972 2030 1106 2057 Alvaro
1130 2034 1167 2057 ut
1191 2029 1447 2057 matrimonium
1463 2035 1626 2065 tanquam
1648 2039 1809 2066 procura-

433 2080 487 2104 tor
502 2077 608 2111 ipsius
623 2076 789 2112 Alphonsi
806 2077 992 2105 contrahat
1009 2085 1084 2105 cum
1101 2077 1274 2105 Eleonora
1289 2079 1328 2105 de
1344 2077 1482 2106 Lorofia
1509 2079 1528 2105 ¹.

243 2298 331 2339 Die
352 2306 541 2339 XXVHLO
563 2299 673 2339 dicti
694 2299 869 2340 mensis
886 2306 930 2339 et
953 2299 1063 2339 anni
1085 2298 1113 2337 ².

244 2369 400 2421 Sepan
435 2377 635 2421 quantos
676 2378 776 2411 esta
811 2377 943 2412 carta
975 2371 1031 2411 de
1063 2371 1208 2422 poder
1240 2371 1402 2411 vieren
1433 2384 1566 2412 como
1597 2385 1682 2424 yo,
1716 2373 1808 2414 don

166 2443 330 2482 alonso
351 2442 408 2482 de
430 2441 560 2493 borja
581 2474 587 2492 ‚
613 2441 707 2494 hijo
729 2443 785 2482 de
807 2443 877 2482 los
893 2441 1237 2482 Illustrissimos
1254 2447 1447 2483 sefiores
1464 2443 1559 2483 don
1573 2443 1809 2485 francis-co

162 2513 220 2553 de
241 2512 372 2563 borja
396 2526 425 2565 y
447 2514 570 2553 dona
592 2515 754 2553 leonor
776 2514 832 2554 de
854 2513 1020 2554 Castro
1038 2546 1045 2561 ,
1071 2513 1249 2565 duques
1271 2525 1360 2565 que
1375 2514 1542 2554 fueron
1559 2515 1615 2555 de
1637 2515 1680 2555 la
1696 2515 1808 2556 villa

163 2584 221 2624 de
243 2584 417 2634 gandia
438 2598 469 2636 y
491 2596 764 2636 marqueses
786 2584 839 2624 de
872 2585 1083 2636 lombay,
1117 2591 1223 2635 ete„
1257 2585 1367 2635 digo
1398 2597 1487 2637 que
1519 2598 1603 2637 por
1632 2592 1808 2637 quanto

163 2667 251 2707 por
272 2668 379 2706 vos,
404 2656 444 2696 el
465 2656 785 2696 Illustrissimo
808 2660 948 2696 senor
969 2656 1063 2696 don
1085 2657 1249 2696 aluaro
1267 2657 1323 2696 de
1339 2655 1495 2708 borja,
1517 2669 1735 2709 marques
1751 2657 1808 2698 de

160 2727 399 2767 alcanizes
421 2740 451 2779 y
473 2732 611 2768 senor
633 2727 689 2768 de
717 2728 760 2767 la
790 2739 901 2768 casa
931 2728 988 2768 de
1022 2728 1261 2778 almanca,
1295 2734 1401 2778 etc.,
1435 2729 1496 2768 mi
1527 2728 1806 2770 charissimo

219 2864 229 2884 ¹
270 2864 357 2891 Vide
375 2866 536 2899 panso-18
551 2870 582 2892 et
599 2866 660 2892 651.

220 2913 233 2932 2
269 2912 322 2940 Ex
339 2913 503 2940 Archivio
519 2913 654 2940 Domus
676 2914 902 2941 Probattom's
930 2913 962 2940 S.
987 2913 1022 2947 J.
1049 2913 1222 2945 Gandiae,
1244 2913 1435 2947 protocollo
1462 2912 1602 2948 Onofrii
1626 2912 1737 2942 Perea
1763 2915 1808 2942 de

163 2961 277 2989 cuna.
293 2961 561 2995 Autographum
576 2962 609 2989 in
630 2962 709 2989 folio
726 2962 863 2996 triplici.
