1969 3293
696 157 812 194 ALIA
840 166 1101 194 DOCUMENTA
1647 152 1718 189 665

81 242 283 298 matione
306 256 577 308 apostolica,
601 256 676 295 vel
698 255 864 306 quavis
884 254 1101 294 firmitate
1130 252 1220 292 alia
1251 252 1483 291 roboratis
1511 249 1712 296 statutis,

80 335 127 369 et
143 327 567 377 consuetudinibus,
586 325 845 377 privilegiis
863 336 1046 376 quoque
1063 323 1266 373 indultis,
1287 328 1332 362 et
1347 321 1512 361 litteris
1531 326 1712 371 aposto-

84 399 200 449 licis,
225 398 373 438 eidem
394 397 648 447 Ecclesiae,
673 402 717 436 et
744 396 924 436 dilectis
952 395 1056 435 filiis
1084 395 1229 443 illius,
1259 391 1713 443 Archipraesbitero,

80 470 302 520 capitulo,
318 468 583 517 Canonicis‚
604 467 798 517 aliisque
819 466 1061 517 quibusvis
1077 464 1305 516 personis,
1325 464 1408 503 sub
1425 462 1716 514 quibuscum-

84 553 173 593 que
193 539 446 589 tenoribus,
471 544 515 578 et
535 538 711 587 formis,
736 538 877 577 etiam
897 537 1026 577 Motu
1048 536 1236 588 proprio
1259 541 1304 575 et
1325 546 1383 574 ex
1415 540 1543 574 certa
1570 533 1716 573 scien-

82 613 162 662 tia,
188 623 243 651 ac
264 611 319 651 de
343 610 629 661 apostolicae
650 609 895 660 potestatis
916 608 1215 660 plenitudine,
1236 613 1315 646 aut
1332 606 1448 646 alias
1465 604 1716 656 quomodo-

84 683 194 722 libet
215 681 452 722 concessis
473 680 775 729 confirmatis,
800 685 843 719 et
864 679 1115 726 innovatis,
1139 690 1194 718 ac
1215 678 1263 718 in
1287 683 1525 729 posterum
1556 686 1719 714 conce-

85 752 264 801 dendis,
289 758 333 792 et
355 751 650 791 innovandis
676 750 852 801 Quibus
874 750 1101 799 omnibus,
1126 755 1169 789 et
1197 748 1392 798 singulis
1421 746 1604 787 etiamsi
1634 757 1718 796 pro

85 824 270 864 illorum
287 822 531 863 sufficienti
548 822 853 872 derogatione
872 823 927 861 de
945 821 1048 871 illis,
1068 832 1321 871 eorumque
1339 819 1447 859 totis
1464 817 1716 865 tenoribus,

85 895 318 947 specialis,
342 894 575 946 specifica,
600 904 840 944 expressa,
866 899 909 933 et
930 892 1186 941 individua,
1211 902 1266 931 ac
1287 891 1343 930 de
1364 890 1508 930 verbo
1541 888 1599 928 ad
1620 899 1721 927 ver-

86 977 209 1016 qum,
251 977 345 1005 non
384 973 539 1005 autem
573 976 656 1016 per
690 965 923 1004 clausulas
957 963 1202 1014 generales
1237 962 1360 1002 idem
1394 961 1718 1011 importantes,

88 1037 276 1088 mentio,
300 1048 379 1076 seu
402 1037 598 1088 quaevis
620 1036 711 1076 alia
734 1035 974 1086 expressio
998 1034 1227 1083 habenda,
1253 1039 1332 1073 aut
1354 1033 1508 1083 aliqua
1532 1031 1623 1071 alia
1645 1042 1722 1070 ex-

86 1108 257 1160 quisita
277 1108 428 1148 forma
451 1107 684 1147 servanda
706 1107 840 1157 foret,
864 1113 1051 1145 tenores
1074 1106 1271 1155 illorum,
1296 1115 1351 1144 ac
1373 1104 1412 1143 si
1429 1103 1484 1143 de
1503 1102 1646 1142 verbo
1664 1101 1723 1140 ad

86 1179 282 1219 verbum
303 1179 416 1218 nihil
437 1178 621 1229 penitus
643 1177 830 1227 omisso,
855 1184 899 1216 et
920 1176 1070 1216 forma
1092 1176 1139 1215 in
1159 1175 1248 1215 illis
1269 1175 1442 1214 tradita
1471 1174 1723 1213 observata

88 1250 418 1300 insererentur,
442 1248 767 1300 praesentibus
793 1260 878 1299 pro
907 1247 1188 1287 sufficienter
1217 1245 1453 1296 expressis
1482 1244 1720 1293 habentes,

88 1321 178 1361 illis
200 1320 381 1369 aliassin
401 1332 485 1360 suo
503 1320 670 1360 robore
691 1319 1025 1371 permansuris,
1045 1318 1133 1358 hac
1150 1318 1253 1358 vice
1270 1316 1529 1363 dumtaxat,
1550 1315 1722 1366 specia-

87 1392 205 1442 liter,
225 1398 269 1432 et
290 1403 511 1444 expresse
531 1392 828 1442 derogamus,
848 1391 1138 1441 caeterisque
1156 1389 1405 1429 contrariis
1426 1388 1722 1439 quibuscum-

89 1475 191 1515 que.
217 1463 312 1503 Aut
333 1464 371 1502 si
393 1463 624 1514 aliquibus
646 1462 970 1512 communiter,
993 1462 1068 1501 vel
1090 1461 1277 1501 divisim
1295 1461 1351 1500 ab
1370 1459 1643 1510 Apostolica
1665 1458 1725 1497 sit

90 1533 209 1574 Sede
220 1534 464 1584 indultum,
484 1533 608 1586 quod
624 1533 853 1583 interdici,
875 1532 1110 1584 suspendi,
1125 1533 1200 1571 vel
1217 1530 1614 1571 excommunicari
1632 1541 1725 1569 non

91 1605 271 1657 possint
291 1617 375 1657 per
394 1605 575 1645 litteras
596 1604 894 1656 apostolicas,
913 1615 1009 1643 non
1025 1603 1250 1643 facientes
1266 1604 1451 1654 plenam
1474 1608 1517 1641 et
1540 1612 1726 1652 expres-

87 1688 204 1727 sam,
228 1688 284 1716 ac
312 1676 367 1716 de
387 1668 532 1716 verbo
555 1676 614 1716 ad
634 1675 831 1715 verbum
852 1675 907 1715 de
934 1674 1110 1714 indulto
1138 1673 1400 1714 huiusmodi
1424 1673 1725 1712 mentionem.

89 1746 265 1787 Datum
297 1747 475 1787 Romae
510 1747 634 1798 apud
671 1745 894 1787 Sanctum
932 1745 1122 1785 Petrum
1160 1745 1244 1784 sub
1284 1744 1438 1784 Anulo
1473 1742 1728 1783 Piscatoris

89 1818 177 1859 Die
194 1818 358 1871 xxviij.
377 1818 663 1871 Septembris
685 1817 840 1858 1561.
861 1817 1166 1858 Pontificatus
1182 1816 1329 1856 nostri
1345 1816 1484 1856 Anno
1503 1814 1724 1854 secundo.

1063 1959 1178 2000 CAE:
1211 1959 1513 1999 GLORIERIL‘S.

1066 2031 1123 2071 A:
1157 2031 1405 2071 CALomus.

771 2175 815 2216 A
843 2173 1052 2215 TERGO

176 2320 361 2360 Dilecto
381 2319 476 2359 filio
504 2318 761 2358 Francisco
792 2317 986 2367 Borgia‚
1018 2315 1320 2366 Presbytero,
1352 2312 1602 2353 Societatis
1630 2312 1733 2352 Iesu

100 2391 370 2443 professori.

180 2533 241 2572 In
262 2537 429 2573 octava
445 2532 635 2584 pagina
656 2531 900 2582 sequentia
921 2534 1108 2570 tantum
1122 2563 1132 2579 ,
1154 2526 1735 2580 quasisztperscrlpsz'oms

101 2604 222 2655 loco,
247 2605 427 2656 scripta
449 2608 586 2644 snut:
607 2603 676 2643 Pii
696 2604 734 2643 4.

181 2676 483 2717 Confirmatio
501 2675 842 2715 distributionis
857 2672 1049 2714 XXV.¹¹¹
1067 2673 1280 2712 ducator.
1299 2683 1381 2723 per
1402 2671 1625 2711 Fran.cum
1641 2670 1731 2710 Du-

102 2759 204 2787 cem
228 2746 441 2787 Gandiae
462 2746 642 2786 duobus
663 2746 762 2786 eius
782 2745 886 2785 filiis
908 2744 1128 2795 legitimis
1144 2743 1298 2784 factae
1321 2754 1375 2783 ac
1398 2743 1436 2783 si
1464 2753 1627 2782 eorum
1656 2742 1736 2781 uni

101 2825 182 2859 tm.
206 2818 330 2858 facta
352 2818 535 2867 fuisset,
560 2818 690 2857 iuxta
711 2817 862 2857 Breve
883 2815 1016 2856 Pauli
1038 2814 1097 2865 iij.

185 2890 385 2931 Gandia.

186 2960 303 3001 Cum
325 2972 464 3000 onere
491 2959 609 2999 1:500
630 2959 732 3000 duc.
757 2971 841 3010 pro
865 2959 1112 3010 sepulchro
1135 2958 1397 2998 Alexandri
1419 2957 1574 3008 Papae
1596 2956 1658 3006 vj.
