1969 3293
1661 162 1730 180 -Γ-

711 161 829 198 ALIA
856 172 1117 199 DOCUMENTA
1667 172 1725 197 ms

96 259 279 300 brachii
300 258 538 299 secularis.
564 258 666 298 Non
694 259 876 298 obstan.
907 259 1198 310 praemissis,
1231 270 1301 299 ac.
1334 258 1445 298 Piae
1475 259 1729 298 memoriae

98 329 331 371 Bonifacii
352 341 427 381 pp.
451 328 557 380 viij,
581 329 721 369 etiam
743 329 1122 380 praedecessoris
1148 330 1318 380 nostri,
1350 330 1438 369 11115
1466 330 1725 380 presertim,

98 401 265 453 quibus
287 400 447 441 caueri
468 400 636 440 dicitur
657 412 899 451 expresse,
922 413 980 440 ne
1007 402 1110 452 quis
1140 413 1214 441 ex.
1245 412 1379 440 suam
1406 400 1657 441 Ciuitatem
1683 407 1728 440 ct

94 472 236 522 dioc.,
259 471 349 511 nisi
370 471 415 510 in
438 471 577 510 certis
598 471 808 522 exceptis
826 472 1032 521 casibus,
1057 477 1100 511 et
1120 472 1165 511 in
1187 472 1277 511 illis
1298 473 1418 511 ultra
1440 477 1535 511 vna
1556 471 1728 511 dietam

99 555 125 582 a
145 542 233 582 fine
256 554 368 582 suae
390 541 509 581 dioc.
542 542 600 581 ad
627 540 852 592 J'udicium
883 549 1125 591 euocetur,
1162 553 1243 581 seu
1278 554 1335 582 ne
1362 541 1532 593 judicis
1562 554 1588 581 a
1617 542 1727 582 sede

92 613 305 664 deputati
327 617 412 664 pta
433 619 597 652 contra
619 624 876 664 quoscunq.
900 613 1174 664 procedere,
1195 620 1274 653 aut
1292 613 1369 653 alii
1386 614 1461 652 vel
1478 613 1581 653 aliis
1599 613 1727 653 vices

98 696 207 724 suas
248 684 490 724 comittere
524 690 848 734 praesumant,
887 690 930 723 et
965 684 1020 723 de
1055 684 1235 724 duabus
1269 684 1403 723 dietis
1438 684 1484 723 in
1519 683 1726 724 Concilio

96 755 238 805 gnali.
265 755 412 804 edita,
437 766 491 794 ac
514 754 618 794 aliis
640 755 910 805 apostolicis
933 755 1362 804 constitutionibus,
1386 766 1569 795 necnon
1585 760 1725 794 statu—

96 826 156 865 tis
178 832 222 865 et
244 825 658 865 consuetudinibus
676 826 828 865 dictae
846 826 1034 865 eccliae.
1054 825 1306 875 Valentia„
1322 824 1600 876 juramento,
1620 837 1726 865 con-

93 896 356 936 firmatione
379 897 636 948 apostolica
658 897 731 936 vel
753 897 919 947 quauis
935 896 1153 936 firmitate
1171 896 1261 935 alia
1281 896 1532 946 roboratis,
1553 897 1721 948 quodq.

92 968 140 1007 in
162 968 459 1019 separatione
481 974 525 1007 et
547 967 958 1007 dismembratione
979 967 1073 1017 ptis
1097 966 1243 1018 Capli.
1262 967 1464 1007 Eccliae.
1485 967 1722 1008 Valentin.

93 1039 232 1078 hmoi.
269 1051 361 1078 non
396 1038 648 1078 accesserit
683 1049 931 1086 assensus,
971 1050 1025 1077 ac
1061 1038 1301 1089 quibusuis
1335 1038 1616 1089 specialibus
1650 1039 1725 1078 vel

90 1110 341 1160 gnalibus.,
366 1110 421 1149 de
443 1109 746 1159 dignitatibus
768 1109 1103 1159 principalibus
1124 1109 1171 1148 in
1194 1108 1467 1159 Collegiatis
1495 1109 1721 1160 ecclesiis,

93 1192 175 1232 per
195 1192 280 1220 nos
302 1187 345 1220 et
367 1180 525 1220 sedem
545 1184 665 1231 ptam
687 1192 771 1231 pro
794 1187 1002 1231 tempore
1024 1179 1162 1219 factis
1192 1180 1590 1220 reseruationibus
1618 1192 1722 1220 con-

91 1252 251 1292 trariis
271 1252 565 1303 quibuscunq
605 1251 700 1291 Aut
716 1251 754 1290 si
771 1251 913 1302 aliqui
931 1263 1070 1302 super
1086 1251 1433 1302 prouisionibus
1450 1251 1536 1291 sibi
1553 1251 1723 1291 facien-

92 1323 164 1364 dis
185 1323 241 1363 de
264 1323 424 1373 hmoi.,
448 1323 523 1362 vel
546 1322 648 1362 aliis
665 1321 845 1362 bene.¹'iS
863 1322 1195 1362 ecclesiasticis
1213 1322 1259 1361 in
1276 1322 1365 1362 illis
1382 1323 1606 1373 partibus,
1624 1335 1723 1374 spe-

91 1395 234 1435 ciales
247 1395 322 1433 vel
334 1395 513 1445 gnales.
535 1393 687 1433 dictae
702 1393 827 1432 sedis
843 1393 918 1432 vel
935 1394 1151 1443 legatoru
1166 1392 1265 1432 eius
1282 1393 1391 1432 lras.
1412 1393 1721 1445 impetrarint,

89 1465 276 1505 etiamsi
298 1476 381 1516 per
402 1475 483 1504 eas
505 1464 564 1504 ad
581 1464 924 1509 inhibitionem,
946 1464 1315 1503 reseruationem
1333 1470 1376 1503 et
1394 1464 1633 1504 decretum
1649 1465 1724 1504 vel

89 1537 172 1576 als.
198 1535 545 1587 quomodolibet
566 1535 624 1575 sit
647 1546 939 1586 processum,
964 1546 1081 1585 quas
1102 1535 1289 1585 quidem
1318 1536 1428 1575 lras.
1462 1541 1506 1575 et
1540 1547 1723 1586 proces-

89 1618 168 1647 sus
190 1607 377 1647 habitos
398 1618 479 1658 per
507 1605 697 1646 eosdem
724 1612 768 1645 et
798 1605 904 1645 inde
936 1612 1132 1656 sequuta
1160 1617 1438 1657 quaequmq.
1464 1606 1523 1646 ad
1551 1606 1724 1646 dictam

89 1679 339 1719 ecclesiam
359 1678 526 1718 beatae
547 1677 724 1717 Mariae
745 1678 961 1716 uolumus
988 1688 1062 1716 no.
1093 1677 1301 1724 extendi,
1331 1677 1412 1717 sed
1439 1678 1616 1717 nullum
1642 1689 1725 1728 per

89 1750 268 1795 hocceis
289 1749 444 1801 quoad
475 1749 854 1799 assequutionem
883 1748 1081 1798 bene.01's¹
1108 1749 1257 1788 311013
1284 1749 1622 1800 praeiudicium
1647 1760 1722 1800 ge-

58 1819 62 1822 ’
90 1822 268 1871 nerari,
311 1833 393 1861 seu
432 1821 471 1861 si
509 1820 679 1873 Joanni
717 1819 855 1860 Car.1i
888 1827 933 1859 et
971 1820 1324 1860 successoribus
1351 1819 1445 1871 ptis
1468 1833 1523 1860 ac
1559 1820 1721 1872 Caplo.

86 1893 280 1933 6661136.
305 1891 541 1932 Valentia.
568 1891 707 1930 hmoi.
733 1891 808 1930 vel
835 1891 1076 1942 quibusuis
1105 1891 1208 1930 aliis
1239 1891 1399 1931 coiter.
1431 1892 1507 1931 vel
1539 1891 1724 1931 diuisim

95 1964 152 2004 ab
174 1963 338 2003 eadem
361 1963 419 2002 sit
441 1962 550 2003 sede
571 1962 819 2012 indultum,
844 1961 966 2013 quod
990 1961 1226 2011 interdici,
1251 1962 1472 2013 suspendi
1492 1963 1568 2002 vel
1589 1969 1722 2002 exco-

92 2034 326 2075 municari
345 2045 438 2073 non
459 2033 638 2085 possint
659 2044 741 2084 per
761 2034 871 2072 lras.
896 2032 1107 2083 aplicas,
1127 2044 1219 2072 non
1234 2032 1458 2072 facientes
1476 2034 1660 2084 plenam
1680 2039 1724 2073 et

87 2116 366 2157 expressam
387 2116 443 2144 ac
465 2104 520 2144 de
542 2104 687 2144 verbo
706 2103 765 2143 ad
781 2103 977 2143 verbum
995 2103 1050 2143 de
1067 2102 1244 2143 indulto
1262 2104 1402 2143 hmoi.
1423 2104 1721 2155 mentionem,

85 2182 134 2216 et
154 2176 436 2228 quibuslibet
454 2175 558 2215 aliis
570 2174 842 2226 priuilegiis,
858 2174 1160 2225 indulgentiis
1172 2180 1216 2214 et
1229 2175 1324 2214 lris.
1348 2174 1476 2226 ap.cis
1489 2175 1721 2226 gnalibus.

88 2248 162 2287 vel
184 2247 423 2298 spalibus.,
449 2250 754 2297 quorucumq.
779 2250 946 2285 1611013
962 2245 1182 2296 existant,
1204 2256 1379 2297 perque
1396 2246 1723 2297 praesentibus

87 2329 182 2358 non
203 2329 448 2369 expressa,
473 2317 548 2356 vel
569 2316 777 2356 totaliter
797 2327 891 2355 non
919 2316 1119 2366 inserta,
1150 2315 1342 2356 effectus
1370 2321 1483 2356 earu
1510 2316 1724 2368 impediri

89 2390 247 2429 valeat
283 2387 631 2441 quomodolibet
658 2387 733 2427 vel
759 2386 956 2438 differri,
986 2392 1031 2426 et
1059 2386 1114 2426 de
1144 2387 1309 2438 quibus
1336 2399 1581 2439 quorumq.
1614 2388 1723 2428 totis

86 2460 329 2500 tenoribus
352 2459 567 2499 habenda
590 2458 647 2498 sit
668 2458 715 2497 in
736 2459 909 2498 nostris
930 2459 1026 2498 1115.
1051 2458 1225 2498 mentio
1247 2458 1479 2509 specialis.

168 2531 293 2572 Nulli
315 2542 428 2582 ergo
451 2530 640 2570 omnino
661 2529 901 2569 hominum
922 2529 1059 2569 liceat
1079 2530 1200 2569 hanc
1221 2529 1444 2581 paginam
1465 2542 1593 2570 nrae.
1628 2541 1722 2570 ere-

88 2603 277 2651 ctionis,
315 2600 646 2653 separationis,
687 2600 1134 2649 dismembrationis,
1170 2601 1519 2652 applicationis,
1558 2613 1722 2652 appro-

88 2673 357 2725 priationis,
383 2671 739 2723 assignationis,
773 2671 1140 2721 constitutioniS‚
1175 2671 1503 2722 ordinationis,
1535 2683 1721 2712 conces-

87 2744 252 2794 sionis,
288 2743 565 2793 voluntatis,
604 2743 764 2783 statuti
798 2749 841 2782 et
877 2742 1084 2782 mandati
1119 2742 1375 2793 infringere
1415 2744 1491 2783 vel
1530 2743 1571 2783 ei
1605 2754 1723 2783 ausu

86 2815 338 2855 temerario
361 2815 577 2855 cotraire.
601 2813 649 2854 Si
670 2814 772 2865 quis
794 2819 950 2853 autem
978 2813 1066 2853 hoc
1094 2819 1373 2865 attemptare
1399 2825 1722 2865 praesumpse-

86 2886 167 2937 rit,
191 2886 563 2937 indignationem
584 2884 914 2936 omnipotentis
936 2883 1009 2924 dei
1042 2896 1097 2925 ac
1124 2884 1319 2925 beatori]
1347 2884 1472 2924 Petri
1501 2890 1544 2925 et
1571 2884 1718 2934 Pauli,

85 2958 268 3009 aploru.
292 2957 391 2997 eius
413 2968 463 2997 se
485 2956 670 2997 nouerit
690 2956 1001 2996 incursurum.
