1969 3293
692 156 807 193 Ati-x
836 168 1097 194 DOCUMENTA
1641 159 1713 195 707

163 475 473 519 LITTERAE
493 476 861 517 ALEXANDRI
884 478 948 518 VI
969 478 1057 518 ΡΡ.
1086 478 1308 531 JOANNI
1330 479 1413 519 DE
1434 479 1629 532 BORJA

665 643 875 671 GANDIAE
905 643 935 671 11
966 643 1071 671 DUCI
1104 630 1130 671 ¹.

82 771 189 798 Cauta
205 771 246 798 de
261 770 448 805 Alejandro
463 770 518 804 VI,
535 771 568 797 al
584 770 702 805 Duque
718 771 804 804 Juan
821 772 860 799 de
877 772 1010 800 Gandia
1026 773 1126 800 desde
1143 773 1284 801 Orvieto
1300 776 1319 800 a
1333 774 1368 801 30
1389 774 1429 801 de
1451 774 1657 803 Noviembre
1672 776 1713 803 de

603 823 680 850 1493.
699 824 814 852 Con·e1
829 826 913 853 sello
929 826 982 853 del
996 827 1162 860 pescador
1176 827 1200 854 ‘-'.

163 1029 345 1071 Dilecto
365 1029 459 1070 filio
480 1030 633 1071 Nobili
654 1031 757 1071 Viro
777 1032 948 1084 Joanni
970 1033 1026 1073 de
1048 1033 1186 1085 Borja
1208 1034 1327 1074 Duci
1350 1035 1576 1077 Gandiae.
1601 1037 1714 1088 (Do-

83 1113 176 1141 nau
200 1102 243 1141 al
265 1112 432 1141 Correu
454 1101 538 1141 dos
559 1102 685 1142 due.S
707 1103 1096 1155 (116111.-1]’.(111(;.8
1117 1104 1129 1155 )

818 1245 872 1284 15.
905 1257 974 1285 xs.

161 1387 436 1428 Alexander
457 1385 585 1437 Papa
606 1385 697 1435 VI,
722 1397 864 1425 manu
886 1387 1091 1438 propria.

162 1459 266 1499 Due
288 1458 502 1499 carissim
522 1463 696 1497 nostre.
721 1456 791 1496 De
812 1450 1008 1498 Viterbo
1039 1465 1083 1498 te
1112 1460 1304 1500 scriuim
1326 1473 1408 1513 per
1429 1464 1589 1515 propri
1616 1477 1717 1506 eor-

84 1542 166 1571 reu
189 1531 326 1571 sobre
348 1531 417 1570 105
439 1528 694 1569 desordens
729 1540 752 1567 e
787 1541 1008 1569 excessos
1033 1536 1136 1571 teus
1167 1543 1255 1582 que
1281 1544 1407 1573 erem
1435 1534 1610 1586 aujsats
1640 1538 1719 1577 ha-

87 1602 188 1642 uies
209 1602 298 1642 sets
319 1613 376 1642 en
396 1601 655 1641 Barcelona
678 1612 734 1639 en
756 1605 823 1639 tot
854 1612 878 1640 e
904 1612 987 1651 per
1017 1606 1105 1651 tot,
1139 1613 1163 1641 6
1199 1604 1551 1655 precipaament
1580 1609 1718 1649 sobre

85 1674 154 1713 los
179 1673 298 1713 mals
318 1677 609 1724 portaments
628 1682 737 1710 vers
758 1672 803 1710 la
824 1671 1030 1722 (luquesa
1052 1678 1099 1712 ta
1120 1675 1304 1725 muller,
1335 1688 1423 1727 que
1456 1688 1628 1718 eneara
1658 1692 1718 1720 no

86 1744 276 1784 hauries
298 1748 544 1784 consumat
565 1742 622 1782 ab
644 1743 733 1781 ella
754 1742 797 1782 10
820 1743 1107 1793 matrimoni,
1131 1756 1154 1784 e
1177 1757 1292 1785 anar
1314 1746 1369 1786 (16
1386 1748 1452 1786 nit
1468 1760 1549 1799 per
1566 1751 1610 1789 la
1627 1751 1719 1800 eiu-

88 1820 156 1855 tat
177 1820 357 1855 matant
378 1825 492 1854 cans
512 1825 536 1853 e
558 1819 681 1864 gats.
704 1812 774 1852 De
796 1825 884 1861 que
906 1813 1075 1854 hauem
1096 1827 1204 1866 pres
1226 1818 1511 1867 grandissimi
1533 1821 1674 1871 enuig
1696 1833 1721 1862 e

85 1885 411 1938 displiceneia,
436 1896 460 1924 e
482 1890 657 1924 starem
679 1884 771 1924 mal
792 1890 1006 1924 eontents
1029 1898 1052 1925 e
1073 1886 1314 1937 indignats
1336 1896 1500 1930 contra
1520 1896 1570 1930 tu
1593 1890 1606 1909 ³
1633 1892 1722 1932 fins

141 2021 151 2041 1
191 2020 300 2055 Hujus
322 2025 355 2047 et
377 2020 589 2054 sequentium
609 2020 832 2053 epistolarum
853 2020 1054 2054 apographa
1077 2021 1236 2049 debemus
1260 2024 1300 2050 61.
1325 2027 1359 2050 et
1384 2025 1516 2053 erudito
1541 2026 1581 2053 D.
1607 2027 1723 2062 RoQUE

87 2068 228 2096 CHAvAs
239 2068 409 2096 Canonieo
422 2068 598 2095 Ecclesiae
610 2067 895 2100 Metropolitansse
911 2067 1129 2100 valentinae,
1146 2071 1225 2097 olim
1240 2070 1454 2099 Moderatore
1469 2074 1723 2108 ephemeridum

86 2116 130 2143 El
145 2114 307 2148 Archivo,
323 2117 354 2143 in
372 2123 515 2150 quarum
530 2116 597 2142 vol.
615 2122 676 2148 vu,
692 2115 855 2142 fasciculo
869 2122 908 2141 111
924 2115 1077 2143 ediderat
1093 2117 1179 2144 alias
1195 2119 1278 2145 duas
1294 2120 1453 2153 epistolas
1468 2121 1659 2150 Alexandri
1675 2123 1723 2151 VI

86 2164 148 2198 ipsi
165 2164 249 2191 Duei
263 2165 334 2199 J'am
347 2164 416 2198 jam
433 2163 540 2190 Roma
555 2163 749 2197 profecturo
766 2162 966 2196 Hispaniam
987 2171 1126 2198 versus,
1149 2166 1311 2199 quasdam
1334 2172 1432 2194 notas
1455 2169 1575 2202 quibus
1595 2171 1723 2206 scripto

86 2212 313 2239 mandaverat
335 2211 447 2238 Mosen
464 2210 546 2238 Fira
567 2210 739 2237 Pontificis
760 2211 922 2237 mandata
943 2218 963 2237 a
987 2210 1080 2238 Duce
1101 2213 1238 2247 ejusque
1260 2214 1389 2242 familia
1410 2217 1599 2251 servanda,
1621 2222 1723 2252 atque

86 2260 172 2287 alias
188 2264 288 2286 notas
303 2259 455 2293 aliasque
472 2258 576 2285 Ducis
591 2258 766 2292 epistolas.
783 2258 832 2285 De
848 2258 888 2285 iis
903 2259 1007 2286 etiam
1023 2259 1138 2293 agitur
1159 2262 1248 2295 apud
1272 2262 1504 2296 ephemerides
1525 2264 1726 2293 Solucz'ones

89 2307 265 2335 catanens.
281 2306 368 2333 Vide
385 2314 489 2340 supra
503 2313 599 2340 pags.
619 2306 670 2332 134
681 2327 687 2339 ,
702 2306 755 2332 ‘229
769 2310 802 2332 et
817 2306 880 2332 230.

140 2356 154 2374 2
191 2355 245 2382 Ex
262 2355 428 2382 Arclzz'vz'o
443 2354 718 2387 Metropolifczno
742 2353 927 2381 Valentz‘ae
943 2355 1006 2389 ⁸7„

138 2402 152 2421 5
190 2402 242 2429 En
258 2402 431 2429 Pontificis
448 2402 577 2428 monita
593 2401 723 2435 (11110115,
739 2406 776 2428 ut
792 2406 899 2435 patet,
916 2402 1091 2430 existimat
1107 2404 1224 2430 ducem
1240 2411 1304 2431 non
1317 2406 1582 2440 obtemperasse:
1598 2407 1727 2442 “Super

86 2449 209 2483 omnia,
225 2449 336 2482 Duch,
351 2449 379 2476 si
395 2449 469 2475 vols
485 2449 592 2475 bauer
607 2449 640 2475 la
655 2448 774 2482 gracia
790 2456 806 2475 e
823 2450 1019 2477 benediccio
1035 2454 1170 2484 nostra,
1188 2455 1221 2477 te
1238 2459 1373 2479 mamam
1396 2461 1458 2487 que
1482 2457 1517 2480 tu
1539 2454 1607 2481 sies
1621 2454 1724 2482 deuot

87 2497 126 2524 de
142 2498 175 2524 la
190 2501 309 2524 nostra
325 2497 412 2523 dona
427 2495 577 2530 gloriosa
592 2503 609 2522 e
624 2497 689 2522 bon
703 2497 833 2530 c1·istia‚
850 2502 977 2524 tement
997 2505 1013 2524 e
1030 2498 1213 2526 obseruant
1237 2500 1288 2526 105
1310 2506 1525 2528 manaments
1547 2502 1587 2528 de
1608 2505 1726 2529 nostre

88 2552 212 2580 senyor
227 2545 307 2578 deu,
324 2552 343 2571 a
359 2552 422 2578 quo
445 2549 564 2570 cuncta
586 2544 673 2570 bona
693 2544 892 2578 procedunt,
918 2545 1013 2572 hoint
1037 2553 1162 2573 cascun
1185 2546 1240 2573 dia
1262 2547 1480 2576 deuotament
1502 2552 1538 2576 ta
1559 2550 1674 2576 missa.
1695 2549 1726 2576 E

87 2593 218 2626 guarda
234 2592 273 2618 de
293 2591 386 2618 65561·
401 2592 576 2624 1116011105,
592 2591 738 2618 6111511161·
752 2592 784 2626 nj
802 2593 1005 2625 reportador
1022 2593 1061 2619 de
1078 2601 1198 2625 nones,
1215 2594 1247 2621 ni
1264 2594 1303 2621 de
1320 2595 1371 2622 dir
1386 2596 1487 2630 enuig
1502 2596 1533 2631 nj
1553 2596 1683 2630 jnjuria
1705 2604 1725 2623 a

87 2645 232 2673 persona
248 2639 302 2665 del
317 2646 403 2669 mon,
421 2642 560 2672 portant
575 2642 609 2665 te
623 2638 665 2664 ab
681 2642 732 2665 tos
746 2644 887 2672 parents
911 2646 927 2665 e
952 2644 1002 2666 tot
1018 2640 1095 2666 hom
1117 2641 1160 2667 ab
1183 2642 1290 2669 molta
1314 2642 1508 2677 humanjtat
1525 2650 1542 2669 e
1564 2644 1724 2677 cortesia,

88 2687 258 2720 guaz-dant
274 2691 307 2713 te
323 2687 362 2712 de
378 2691 450 2713 tota
467 2693 606 2712 manera
622 2686 660 2712 (16
686 2687 846 2720 paraules
864 2694 880 2713 e
893 2687 1154 2722 jnconuenjents
1169 2709 1174 2721 ,
1191 2693 1304 2716 essent
1320 2690 1400 2717 molt
1416 2695 1529 2717 cortes
1544 2691 1584 2717 de
1601 2691 1633 2718 13
1649 2692 1725 2718 bar-

89 2740 163 2761 reta
180 2742 196 2760 e
211 2734 348 2768 gracios
363 2734 403 2760 de
430 2735 590 2767 ραι-311165
611 2741 630 2760 3
653 2734 723 2767 quit
745 2734 819 2761 fara
842 2734 986 2762 honor...
1007 2735 1091 2761 Item
1112 2740 1144 2762 te
1167 2744 1302 2764 manam
1324 2745 1386 2771 que
1409 2743 1445 2765 tu
1467 2739 1725 2766 continuament

89 2782 221 2809 dormes
236 2790 252 2808 e
267 2782 395 2816 menjes
411 2786 514 2815 quant
530 2788 632 2815 poras
647 2783 689 2808 ab
706 2782 738 2808 la
753 2781 942 2816 Duquessa.
959 2783 988 2809 E
1003 2790 1022 2809 a
1038 2784 1175 2816 aquella
1189 2791 1290 2811 serua.
1302 2786 1408 2812 molta
1419 2775 1553 2820 lealtat,
1570 2793 1587 2813 e
1602 2790 1660 2813 not
1673 2794 1729 2813 611-

90 2830 215 2864 paches
230 2830 272 2856 ab
287 2837 436 2863 negunes
451 2830 558 2856 altres
573 2829 685 2855 dones.
703 2829 731 2855 E
747 2830 845 2856 sobre
862 2833 929 2863 lot,
947 2837 1007 2864 per
1022 2835 1128 2864 quant
1151 2831 1213 2859 has
1236 2839 1318 2859 cara
1340 2833 1374 2860 13
1394 2834 1514 2867 gracia
1535 2837 1671 2868 nostra,
1693 2837 1726 2861 te

90 2877 237 2912 guardes
250 2877 288 2903 de
301 2884 386 2903 31131·
398 2877 473 2910 denj
481 2880 502 2902 t.
516 2876 603 2904 Item
616 2880 650 2903 te
662 2884 797 2903 mamam
807 2877 914 2911 jatsia
926 2878 976 2904 513
988 2878 1158 2911 superfluo
1172 2879 1211 2906 de
1224 2880 1426 2908 recordarto
1439 2888 1502 2915 que
1514 2884 1551 2908 tu
1564 2881 1631 2908 sies
1644 2882 1726 2908 molt

91 2923 202 2950 sobrio
218 2931 235 2950 e
249 2928 398 2958 temprat
413 2931 454 2950 en
469 2924 500 2950 lo
516 2924 646 2958 menjar
661 2930 678 2950 e
693 2925 795 2950 heure
811 2931 871 2951 car
883 2924 919 2959 ja
934 2932 1014 2959 saps
1032 2930 1137 2959 quant
1153 2934 1189 2953 65
1204 2934 1291 2961 gran
1309 2928 1412 2955 tacha
1427 2936 1467 2955 en
1483 2929 1570 2955 lome
1594 2927 1633 2954 de
1659 2929 1728 2962 be.„

93 2969 253 2996 Litterae
268 2970 465 2997 Alexandri
490 2970 537 2998 VI
546 2970 661 2997 eidem
677 2971 759 2998 duci
773 2970 908 2998 Romae
924 2971 965 2998 31
977 2971 1071 3006 sulii
1087 2973 1183 3001 1493.
1200 2974 1244 3000 El
1259 2974 1423 3007 Arclzz'vo,
1439 2976 1501 3002 106.
1517 2975 1574 3002 cit.
