1969 3293
133 135 203 172 742
678 132 722 171 S.
751 133 1025 171 FRANCISCUS
1053 124 1243 172 Boncm'

130 233 275 284 pitula
307 237 351 271 et
382 231 554 271 dotalia
590 231 868 270 instrumeta
902 230 1121 271 facienda
1156 237 1295 283 atque
1330 232 1559 273 firmanda
1596 234 1686 274 sint
1724 235 1770 274 in

130 302 369 354 praedicto
392 302 613 341 castellae
635 312 782 352 regno
804 301 851 341 in
873 313 964 352 quo
986 313 1073 341 nos
1093 303 1354 353 personalr.
1375 303 1539 343 adesse
1556 316 1650 344 non
1668 317 1771 356 pos-

130 385 289 414 sumus
329 372 560 424 aliquibus
606 372 709 412 aliis
748 371 922 412 detenti
961 378 1006 412 et
1046 373 1262 425 occupati
1306 374 1524 425 negotiis.
1566 376 1623 415 Et
1664 375 1770 416 ideo

131 444 286 496 cupidi
303 444 440 483 Valde
459 455 517 483 ex
534 450 667 495 parte
684 454 786 483 nra.
807 443 1094 494 perducendi
1115 443 1173 483 ad
1195 444 1403 485 debitum
1422 445 1575 486 efectu
1591 446 1772 497 praedi·

132 524 209 557 cta-
246 515 544 556 matrimonia
590 515 710 555 inter
756 526 842 554 nos
889 514 1040 554 dictas
1085 521 1273 566 partes,
1324 522 1377 556 vt
1420 517 1770 570 praedicicitur‚

132 586 419 629 concordata
449 591 624 637 quanto
656 586 794 626 citius
821 586 1078 637 poterimus
1108 587 1351 638 praedicta
1380 589 1586 639 capitula
1615 590 1773 629 matri-

131 659 350 700 monialia
379 664 424 698 et
451 657 625 698 dotalia
654 658 932 698 instrumeta
967 669 1051 709 per
1084 664 1392 709 procuratore
1427 659 1583 700 facere
1619 667 1663 700 et
1701 660 1774 700 fir-

131 742 261 771 mare
282 730 530 770 statuimus
552 735 597 769 ct
625 728 963 769 ordinauimus.

210 802 392 843 Idcirco
415 800 604 841 confissi
626 801 763 840 valde
792 800 848 841 de
880 800 1112 851 suficetia‚
1143 801 1255 852 fide,
1287 802 1548 852 legalitate,
1580 803 1773 854 animiq.

131 874 364 927 probitate
385 873 459 913 vri
497 871 604 912 Ill.is
626 872 719 912 don
735 871 930 912 federici
947 872 1003 912 de
1025 873 1246 923 portugal
1269 872 1278 892 ¹
1302 873 1462 913 militis
1483 873 1772 925 imperialem

131 946 310 987 curiam
329 944 549 996 sequetis‚
566 943 645 983 fiat
660 943 804 994 large
813 947 963 995 provt
985 943 1034 983 sn
1051 943 1202 983 simili
1214 947 1397 995 recepto
1416 944 1490 983 clz'e
1510 944 1612 995 xxj
1627 945 1774 984 me‘sz's

131 1016 300 1057 martii
316 1015 593 1068 praesentis
615 1014 737 1055 anni
752 1014 1000 1054 millesimi
1016 1015 1392 1066 quingentesimi
1409 1015 1773 1067 quadragesime

129 1088 323 1141 septimi
342 1088 390 1128 in
420 1087 583 1139 quinto
613 1087 865 1138 qus'nterno
896 1085 909 1105 ²
930 1087 1194 1138 praesentis
1215 1087 1445 1138 protocoli
1465 1087 1600 1138 large
1622 1088 1777 1139 quoad

131 1161 220 1202 oia.
244 1160 437 1200 mutatis
458 1158 698 1199 mutandis
721 1170 825 1210 vsq.
850 1158 899 1198 δε.

213 1231 337 1272 Acta
385 1231 430 1271 in
478 1231 649 1282 oppido
697 1229 911 1270 Gandiae
951 1229 1024 1269 die
1069 1216 1424 1281 decimoquarto
1467 1231 1608 1271 mesis
1650 1231 1776 1284 Junii

131 1316 254 1344 anno
277 1315 303 1343 a
326 1304 464 1344 nati.e
487 1302 580 1343 dni.
606 1302 667 1342 M.
692 1302 749 1342 D.
775 1301 954 1352 xxxxvj
978 1289 1281 1354 Pssf—:L-na
1302 1307 1516 1342 nostrum
1541 1303 1633 1342 don
1650 1303 1775 1343 fran-

131 1375 244 1416 cisci
265 1375 321 1415 de
342 1373 475 1426 borja
498 1374 630 1414 ducis
653 1373 881 1423 Gandiae,
902 1374 993 1414 don
1013 1335 1168 1414 Caroli
1185 1374 1241 1414 de
1262 1373 1395 1425 borja
1412 1379 1456 1413 et
1478 1374 1662 1414 donnae
1679 1375 1770 1415 Isa-

130 1447 278 1487 bellae
301 1447 357 1486 de
378 1444 512 1496 borja
534 1445 685 1486 fratru
711 1445 1012 1497 praedictoru
1034 1445 1112 1496 qui
1133 1445 1250 1485 haec
1272 1445 1534 1497 laudamus,
1559 1447 1776 1487 concedi-

131 1530 234 1559 mus
255 1524 299 1558 et
322 1518 581 1558 firmamus.

211 1589 377 1630 Testes
398 1587 535 1640 hujus
556 1588 624 1629 rei
646 1594 753 1629 sunt
776 1587 899 1628 Rsslus
917 1587 1138 1629 Onofrius
1156 1588 1385 1629 Martinez
1407 1589 1657 1641 presbyter
1677 1600 1775 1629 rec-

131 1668 205 1702 tor
231 1660 459 1702 ecclesiae
487 1660 544 1701 de
571 1659 762 1711 lombay
783 1665 827 1699 et
855 1671 882 1699 a
910 1660 1106 1699 secretis
1132 1659 1244 1700 dicti
1271 1659 1577 1700 Illustrissimi
1599 1659 1774 1700 domini

133 1733 264 1774 ducis
286 1732 490 1784 gandiae
512 1738 556 1772 et
578 1730 859 1782 magnificus
876 1731 1172 1771 sebastianus
1194 1731 1250 1771 de
1271 1738 1554 1772 sanctacreu
1576 1732 1779 1772 domice-

132 1807 220 1846 llus
242 1804 451 1856 ejusdem
473 1803 649 1845 domini
671 1802 804 1843 ducis
827 1804 1061 1843 alumnus

786 1963 898 1990 Dictis
913 1962 965 1990 die
982 1966 1016 1990 et
1032 1969 1130 1990 anno.

210 2090 492 2146 Jesuchristi
514 2089 659 2142 ejusq.
682 2089 928 2141 genitricis
950 2100 1181 2141 semperq.
1206 2088 1406 2139 virginis
1427 2086 1606 2128 Mariae
1626 2087 1772 2128 norni-

133 2164 268 2204 nibus
307 2161 664 2215 gloriosissimis
705 2161 970 2211 benigniter
1009 2159 1255 2201 inuocatis.
1298 2158 1526 2200 Nouerint
1566 2158 1776 2199 vniuersi

133 2235 257 2287 quod
290 2247 376 2275 nos
416 2234 509 2275 don
545 2233 746 2274 Carolus
786 2232 843 2273 de
881 2231 1029 2284 borja,
1072 2230 1285 2272 marchio
1321 2229 1377 2270 de
1412 2230 1616 2282 lombay‚
1657 2228 1781 2270 filius

133 2306 249 2347 Ill.mi
271 2306 447 2347 domini
468 2305 560 2345 don
583 2304 809 2345 francisci
836 2304 892 2344 de
920 2302 1068 2355 borja,
1102 2302 1234 2342 ducis
1264 2301 1502 2351 Gandiae,
1534 2301 1706 2342 scieter
1734 2308 1781 2341 et

133 2378 297 2429 gratis,
322 2384 484 2418 tenore
505 2377 646 2429 pntis.
670 2376 845 2428 publici
866 2374 1145 2424 instrumeti,
1171 2373 1352 2414 cunctis
1381 2372 1672 2424 temporibus
1704 2372 1775 2412 fir-

134 2450 269 2490 miter
304 2449 496 2489 valituri
524 2448 741 2489 omnibus
769 2447 1039 2488 melioribus
1068 2445 1227 2496 modo,
1265 2445 1366 2495 via,
1402 2444 1528 2496 jure,
1559 2455 1703 2484 causa
1735 2450 1779 2484 et

134 2522 285 2562 forma
308 2521 477 2572 quibus
498 2520 651 2572 magis
673 2519 852 2570 melius,
877 2518 1045 2567 tutius‚-
1060 2517 1264 2558 validius
1285 2522 1330 2556 et
1351 2515 1563 2556 eficatius
1583 2515 1683 2556 fieri
1701 2526 1775 2566 po-

135 2599 226 2634 test
246 2603 301 2633 ac
324 2593 474 2643 debet,
499 2592 547 2632 in
567 2591 819 2644 presentia,
844 2596 888 2631 et
912 2589 968 2630 de
989 2590 1232 2629 voluntate
1253 2594 1299 2628 et
1321 2599 1554 2628 consensu
1576 2586 1779 2638 praefati

135 2662 252 2705 Ill.mi
278 2664 507 2716 genitoris
529 2663 678 2704 nostri
705 2661 1145 2711 obseruandissimi,
1176 2660 1396 2710 facimus,
1431 2657 1773 2707 constituimus,

135 2747 353 2777 creamus
375 2742 419 2776 et
442 2735 713 2776 solemniter
737 2734 1010 2774 ordinamus
1030 2737 1341 2784 procuratore
1358 2742 1510 2771 nrum.
1529 2734 1661 2780 versi,
1683 2740 1780 2769 cer—

190 2876 201 2896 ¹
243 2873 332 2901 Vide
371 2880 389 2900 a
423 2895 428 2900 .
455 2873 518 2900 534.

187 2923 201 2943 2
239 2881 478 2956 Quintgrigtus.
500 2920 586 2947 liber
609 2919 754 2954 quinque
776 2918 949 2946 foliorum.
974 2917 1101 2945 Videre
1123 2924 1187 2944 non
1210 2920 1382 2951 potiumns
1402 2914 1666 2943 instrumentum
1692 2913 1779 2948 quod

135 2971 189 2999 hic
206 2970 347 2998 citatur.
