1969 3293
726 196 838 234 F1L11
864 207 918 234 ET
944 196 1100 234 F1L1AE
1662 201 1738 238 037

95 290 388 342 pudieredes.
418 290 517 342 Que
545 282 733 343 en‘ello,
758 292 919 332 demas
939 292 995 332 de
1021 292 1165 333 hacer
1195 294 1237 334 lo
1266 305 1354 345 que
1389 294 1544 335 debeis
1574 309 1605 347 y
1635 297 1735 337 sois⁴

95 362 335 412 obligado,
358 373 444 402 nos
473 368 707 402 ternemos
727 374 814 414 por
835 363 1063 403 servidos.

174 432 245 472 De
266 431 450 472 Madrid
471 435 498 472 a
518 431 571 472 20
590 432 646 472 de
667 433 802 473 Abril
823 433 879 473 de
910 433 1010 474 1572
1040 438 1173 475 anos.

1229 577 1303 618 ΥΟ
1322 591 1380 618 EL
1401 591 1508 618 REY.

170 783 261 823 Por
282 785 515 825 mandacio
538 785 594 825 de
614 796 668 825 su
692 783 921 836 Majestad

1049 929 1171 981 JUAN
1193 929 1425 970 DELGADO
1454 929 1461 949 ¹
1473 962 1504 981 .„

163 1351 406 1404 Philippus
440 1352 499 1403 ΙΙ,
536 1352 872 1404 Hispaniarum
905 1353 1028 1404 Rex,
1059 1353 1123 1394 2.st
1158 1354 1314 1394 Martii
1347 1353 1447 1394 1568
1480 1354 1600 1395 Dno.
1626 1354 1716 1396 Rui

81 1422 260 1463 Gomez
282 1423 338 1463 de
360 1422 490 1463 Silva
506 1424 641 1474 plura
662 1423 787 1464 dedit
805 1423 1027 1464 mandata
1044 1424 1100 1464 de
1116 1425 1297 1465 ratione
1314 1424 1543 1476 Principis
1560 1425 1716 1466 Caroli

78 1493 159 1533 filii
179 1494 251 1534 sui
273 1493 580 1545 custodiendi,
611 1501 655 1535 et
681 1495 802 1535 inter
830 1495 961 1535 viros
989 1496 1189 1545 nobiles,
1215 1496 1381 1547 quibus
1402 1496 1518 1536 haec
1548 1507 1660 1536 cura
1688 1509 1715 1537 a

78 1563 208 1615 Rege
230 1566 481 1606 commissa
498 1565 597 1617 fuit,
615 1566 821 1619 Joannes
838 1566 1014 1617 Borgia
1032 1566 1365 1606 recensebatur
1387 1565 1415 1607 ².

124 1790 328 1824 JOANNES
349 1791 519 1819 BORGIA
541 1791 675 1819 REGIS
695 1790 1008 1820 HISPANIARUM
1028 1791 1152 1819 APUD
1172 1791 1433 1820 LUSITANUM
1455 1792 1666 1820 LEGATUS

157 1989 399 2042 Philippus
419 1990 478 2042 II,
507 1991 845 2043 Hispaniarum
872 1991 988 2041 Rex,
1018 1991 1246 2044 Joannem
1273 1990 1449 2042 Borgia
1479 1991 1711 2042 Legatum

77 2072 216 2101 suum
241 2062 365 2113 apud
385 2062 702 2115 Portugalliae
731 2063 924 2114 Regem,
955 2062 1018 2103 65³²
1045 2062 1320 2102 Decembris
1351 2061 1465 2110 1569,
1495 2062 1706 2113 designa—

74 2132 156 2172 vit.
182 2131 371 2184 Septem
386 2134 432 2174 in
448 2134 658 2186 generali
675 2133 1080 2186 Septimancarum
1102 2132 1329 2173 Archivio
1348 2131 1480 2173 ⁵sunt
1496 2132 1708 2174 fasciculi

79 2203 346 2244 litterarum
366 2216 442 2245 res
468 2212 629 2257 gestas
656 2204 792 2256 hujus
816 2204 1065 2255 legationis
1093 2204 1404 2254 continentes,
1435 2204 1601 2255 quibus
1629 2216 1706 2256 pa-

75 2279 142 2314 tet
186 2282 495 2328 quantopere,
532 2276 640 2316 licet
673 2276 868 2327 frustra,
897 2275 1102 2328 Joannes
1131 2274 1303 2325 Borgia
1333 2274 1624 2315 insudaverit
1658 2281 1707 2315 ut

73 2344 351 2387 Sebastiano
377 2347 496 2399 Regi
525 2347 812 2388 matrimonii
839 2347 1030 2387 ineundi
1056 2345 1431 2386 convenientiam
1457 2346 1707 2397 persuade-

69 2423 156 2468 ret,
181 2429 378 2470 eumque
396 2419 453 2459 ab
471 2419 737 2471 importuna
758 2419 805 2458 in
826 2418 1039 2459 Africam
1059 2416 1356 2468 expeditione
1379 2416 1650 2457 deterreret.

149 2487 484 2541 Ulyssiponam
500 2489 548 2530 P.
568 2490 851 2530 Franciscus
867 2489 1056 2539 Borgia,
1079 2488 1141 2528 ΒΡ
1158 2483 1433 2527 Decembris
1465 2487 1580 2539 1571,
1603 2499 1704 2540 per-

68 2559 197 2599 venit
213 2571 320 2600 cum
336 2560 575 2601 Cardinali
590 2561 817 2601 Michaele
829 2560 1020 2610 Bonelli,
1040 2558 1340 2611 Apostolicae
1358 2557 1490 2598 Sedis
1506 2558 1701 2609 Legato,

68 2630 163 2681 qui,
193 2630 448 2682 interprete
482 2631 620 2672 Patre
648 2631 927 2681 Francich
964 2629 1188 2682 postridie
1223 2629 1295 2669 sui
1328 2629 1560 2669 adventus
1596 2641 1703 2670 cum

66 2698 348 2764 Sebastiano
369 2702 499 2754 Rege
514 2709 564 2744 ut
581 2715 630 2744 se
647 2708 826 2753 sancto,
846 2701 970 2753 quod
990 2701 1240 2751 vocabant,
1263 2699 1439 2740 foederi
1460 2699 1530 2750 (la
1551 2700 1705 2751 ngcz)

119 2860 130 2881 ¹
170 2862 208 2890 Ρ.
230 2862 370 2897 HENAo,
389 2865 412 2891 1.
426 2870 454 2898 1,
470 2871 498 2891 e.
516 2870 614 2897 Lxm,
630 2862 849 2890 annotatione
864 2861 915 2895 51,
932 2860 1231 2893 Avertguactones
1246 2859 1358 2886 delas
1372 2858 1641 2892 Antigz'iedades
1659 2859 1703 2886 de

66 2907 269 2937 Cantabria.

116 2956 131 2976 ²
170 2957 335 2985 CABRERA
349 2965 393 2985 DE
409 2958 585 2993 Conoom,
602 2957 762 2985 Historia
778 2957 821 2984 de
836 2955 958 2990 Felipe
974 2955 1028 2987 ΙΙ,
1041 2956 1098 2982 lib.
1114 2962 1180 2989 vn,
1196 2961 1270 2989 cap.
1286 2961 1368 2982 xxn.

118 3003 133 3023 ὅ
169 3005 304 3032 Estado
317 3004 482 3034 386-392.
