2063 3283
281 267 358 305 218
670 265 905 303 BoRGmNA
932 273 1114 300 FAMILIA
1139 262 1285 300 Rae-‚m
1312 263 1559 302 VALENTIM

284 362 416 404 Italie
437 362 647 403 animum
668 359 1024 412 propensiorem
1045 370 1147 400 esse
1168 359 1468 412 intelligerat;
1493 366 1537 401 et
1553 367 1603 401 ut
1620 361 1834 413 exemplo
1851 373 1931 402 no-

282 440 384 474 stro
406 434 465 473 ad
486 430 825 483 capessendam
845 441 1012 482 pacem
1032 435 1138 482 post
1159 430 1326 471 deinde
1347 436 1531 472 ceteros
1559 431 1932 473 exhortaremur.

284 504 461 545 Datum
481 503 528 543 in
550 502 753 543 Castello
782 501 919 541 Novo
947 501 1194 553 Neapolis,
1225 501 1299 542 die
1328 514 1376 542 VI
1402 500 1520 552 junii
1547 502 1794 543 Millesimo
1823 514 1933 554 qua—

288 573 664 625 dringentesimo
688 572 1082 624 quinquagesimo
1105 577 1255 613 sexto.

364 716 419 757 N.
451 716 502 757 B.
562 715 675 756 Esta
696 721 828 756 carta
851 715 908 756 de
928 714 1127 755 Alfonso
1149 714 1193 754 V
1214 714 1291 755 fue
1313 714 1518 767 dirigida
1538 719 1566 756 a
1587 716 1632 756 la
1654 715 1853 757 Sefioria
1875 717 1931 757 de

285 787 551 828 Florencia.

1054 1089 1166 1130 XIX

281 1317 438 1346 CARTA
459 1317 520 1344 DE
548 1317 799 1345 FERNANDO
827 1317 889 1344 DE
916 1308 1146 1355 NAPOLES,
1178 1316 1275 1350 HIJO
1298 1307 1536 1343 ILEGI'TIMO
1566 1315 1627 1342 DE
1648 1313 1856 1342 ALFONso
1877 1314 1926 1353 v,

945 1380 976 1415 Ᾱ
997 1387 1195 1415 CALIXTO
1217 1388 1264 1415 111

364 1643 562 1696 Neapoli
582 1644 675 1684 kal.
699 1644 809 1698 Julii
830 1655 953 1684 anno
979 1642 1094 1684 1458.

365 1716 451 1756 His
481 1715 659 1767 diebus,
698 1716 745 1756 in
771 1715 924 1756 media
952 1715 1127 1756 doloris
1158 1715 1439 1766 acerbitate,
1471 1713 1749 1755 Beatissime
1775 1712 1930 1764 Pater,

281 1793 530 1840 paternum
562 1788 740 1828 obitum
761 1787 1044 1827 renuntiavi:
1068 1787 1225 1827 brevis
1254 1787 1453 1838 epistola
1481 1785 1589 1836 fuit,
1621 1785 1791 1838 quippe
1812 1785 1934 1825 inter

280 1860 520 1912 lacrymas
551 1859 675 1900 data.
716 1859 851 1899 Nunc
885 1859 1080 1899 collecto
1115 1859 1272 1899 animo
1299 1859 1521 1910 luctuque
1558 1857 1787 1909 tantisper
1814 1856 1933 1896 miti—

281 1936 410 1982 gato,
448 1929 811 1981 significandum
846 1930 979 1981 duxi,
1022 1929 1213 1970 Patrem
1251 1929 1401 1982 pridie
1438 1928 1592 1969 obitus
1627 1928 1930 1977 obtestatum,

281 2002 397 2042 nihil
418 2008 468 2042 ut
489 2002 537 2042 in
553 2001 692 2042 terris
713 2007 873 2042 Vestra
895 2001 1052 2053 gratia
1073 2006 1117 2041 et
1139 2001 1420 2041 auctoritate
1448 2000 1769 2052 praestantius
1791 1999 1934 2040 duce-

279 2085 395 2125 rem,
419 2085 526 2113 cum
547 2079 714 2113 sancta
734 2073 948 2113 Ecclesia
970 2084 1064 2113 non
1092 2072 1425 2113 contenderem
1445 2083 1504 2112 ne
1524 2076 1811 2123 provocatus
1833 2070 1932 2122 qui-

280 2145 403 2196 dem,
435 2145 606 2196 impios
639 2156 784 2185 ausus
818 2156 928 2184 raro
958 2143 1157 2184 feliciter
1188 2143 1372 2184 cadere.
1404 2143 1489 2183 His
1517 2153 1632 2194 ergo
1667 2141 1934 2194 praeceptis

283 2216 522 2256 institutus
559 2216 699 2268 (quod
734 2215 947 2256 facturus
981 2215 1157 2266 alioqui
1192 2215 1337 2265 eram)
1374 2214 1630 2266 impensius
1658 2218 1708 2253 ut
1741 2213 1931 2264 faciam,

280 2294 480 2339 accepta
513 2287 739 2327 beneficia
772 2287 1035 2327 hortantur.
1074 2286 1234 2338 Neque
1266 2286 1390 2326 enim
1426 2285 1642 2325 oblivisci
1675 2296 1869 2336 possum
1905 2296 1932 2324 a

281 2358 446 2410 primis
468 2358 603 2398 annis
624 2370 697 2399 me
720 2358 767 2398 in
788 2364 919 2399 tuam
941 2358 1239 2409 disciplinam
1259 2356 1509 2397 traditum:
1538 2355 1738 2396 solvisse
1757 2367 1851 2396 una
1874 2367 1934 2395 ex

281 2429 512 2481 Hispania
534 2435 879 2481 provectosque
902 2430 1067 2470 eadem
1087 2429 1200 2469 navi
1221 2428 1280 2468 ad
1307 2428 1469 2469 Italiae
1497 2427 1606 2467 litus
1635 2439 1729 2467 non
1758 2426 1934 2478 absque

282 2499 372 2541 Dei
396 2506 511 2541 nutu
538 2500 620 2540 tibi
643 2498 742 2551 jam
769 2500 1099 2555 Pontificatum
1127 2510 1382 2550 summum,
1413 2498 1527 2539 mihi
1556 2510 1733 2538 novum
1753 2497 1933 2549 Regem

280 2570 563 2612 destinantis
585 2572 831 2623 praeclaro
860 2571 1013 2611 omine
1035 2571 1221 2611 futurae
1240 2569 1493 2621 felicitatis,
1518 2576 1799 2621 mutuaeque
1826 2580 1933 2609 con-

283 2642 492 2684 cordiae.
512 2643 675 2694 Itaque
692 2654 719 2682 a
736 2654 883 2695 puero
902 2642 987 2682 tibi
1003 2642 1220 2692 tradituS,
1244 2647 1352 2682 tuus
1370 2641 1430 2682 ad
1447 2647 1649 2682 mortem
1666 2652 1768 2681 esse
1785 2639 1932 2692 cupio

284 2726 358 2755 me
378 2715 425 2755 in
446 2714 591 2755 filium
612 2714 828 2766 accipito,
859 2719 939 2754 aut
966 2719 1162 2765 accepto
1192 2713 1348 2765 potius
1378 2718 1627 2765 paternam
1654 2711 1859 2764 gratiam
1890 2717 1935 2752 et

282 2786 625 2827 humanitatem
641 2786 808 2825 exhibe
826 2785 993 2826 daturo
1011 2796 1204 2836 operam
1226 2796 1281 2825 ac
1303 2784 1602 2836 praestituro,
1628 2795 1686 2824 ne
1708 2789 1787 2824 aut
1808 2783 1935 2834 grati

281 2858 429 2898 animi
449 2857 723 2909 obsequium
755 2863 835 2897 aut
863 2857 1015 2908 pietas
1044 2856 1200 2896 debita
1230 2856 1406 2896 nostris
1436 2855 1701 2896 actionibus
1721 2855 1932 2906 requira-

286 2935 379 2971 tur.
402 2929 539 2980 Vale,
563 2928 702 2969 Pater
725 2928 1023 2979 Beatissime,
1048 2927 1126 2968 diu
1143 2932 1188 2967 et
1208 2926 1406 2967 feliciter
1430 2925 1457 2966 ¹.

344 3090 355 3110 ¹
394 3089 473 3118 vid.
491 3089 877 3124 Breviarium.-PA01,
895 3093 985 3117 tomo
998 3097 1030 3116 v.
