2063 3189
213 228 237 258 ί)
914 231 1159 258 PRAEFATIO

216 319 317 356 dem
337 319 525 356 virtutes
546 328 597 354 ac
617 316 800 364 egregia
819 315 1040 353 laudarint
1058 315 1233 361 merita,
1257 315 1398 353 adhuc
1417 320 1565 353 tamen
1583 316 1626 352 in
1645 315 1762 353 votis
1783 315 1857 353 ha-

215 391 318 427 bent
337 389 547 427 nonnulla
567 399 621 425 ex
641 388 723 432 eis,
746 397 859 434 quae
880 386 936 423 ad
951 386 1061 423 tanti
1080 386 1164 423 viri
1178 387 1410 433 praeclara
1424 391 1627 434 spectant
1641 386 1853 432 facinora,

216 459 451 498 elucidare.
469 457 730 506 Hujusmodi
745 463 894 494 autem
910 456 1041 494 officii
1054 461 1263 504 satagere
1279 462 1479 495 nostrum
1494 457 1586 504 fuit,
1606 457 1709 494 dum
1727 458 1856 505 plura

214 533 257 568 in
288 531 403 568 hunc
443 540 626 576 scopum
664 528 898 575 vergentia
930 537 1194 575 congerere,
1229 533 1442 575 congesta
1479 529 1703 576 ordinare,
1737 528 1857 566 ordi—

215 609 317 639 nata
337 602 512 638 demum
531 600 574 637 in
593 601 737 636 lucem
756 599 889 636 edere
917 599 1212 636 decrevimus.
1239 598 1295 636 Et
1319 599 1526 646 quoniam
1554 599 1608 638 de
1633 599 1856 647 Borgiana

215 673 399 719 familia,
418 672 471 709 de
492 670 693 709 Gandiae
712 670 924 717 Ducibus,
946 670 999 707 de
1018 670 1276 718 parentibus
1297 681 1348 707 ac
1366 670 1579 709 fratribus
1598 670 1702 709 Divi
1722 671 1857 708 Fran-

215 745 319 782 cisci
338 744 381 781 in
409 744 536 781 istius
575 742 701 780 Vitae
727 742 1099 790 enarrationibus,
1132 752 1245 790 quae
1276 742 1443 790 passim
1471 742 1853 789 circumferuntur,

215 817 352 854 multa
371 816 444 852 vel
462 814 781 862 praetermissa
800 813 924 851 fuere
945 814 1029 861 vel,
1049 813 1167 862 quod
1181 814 1313 862 longe
1328 813 1468 862 pejus,
1486 814 1711 862 irrepsere
1730 814 1853 860 falsa;

213 888 325 934 ideo,
347 897 432 934 quo
452 885 602 923 Sancti
615 885 846 923 -Francisci
876 884 1001 922 Vitae
1028 885 1268 932 scriptores
1296 884 1396 922 dein
1421 884 1693 922 commodius
1720 896 1771 922 ac
1790 885 1859 922 fa-

215 959 339 996 cilius
358 958 583 1006 omnique‚
613 957 758 1005 quoad
782 956 878 995 fieri
902 957 1060 1005 possit,
1088 957 1264 994 errandi
1289 957 1487 1004 periculo
1512 962 1702 1003 remoto,
1730 966 1858 994 suum

216 1031 397 1068 valeant
416 1039 527 1078 opus
547 1039 748 1075 exarare,
778 1029 924 1076 aliqua
950 1040 974 1067 e
998 1028 1238 1076 praedictis
1263 1029 1333 1066 hic
1359 1029 1402 1066 in
1427 1040 1561 1066 unum
1581 1028 1768 1066 collecta
1785 1039 1860 1066 re-

215 1103 400 1149 perient.

285 1172 387 1220 Age
413 1183 541 1219 vero,
570 1183 684 1209 nunc
710 1172 830 1210 tertii
850 1171 1050 1209 Gandiae
1069 1171 1227 1218 Ducis,
1255 1171 1451 1219 parentis
1477 1171 1685 1209 videlicet
1710 1169 1858 1208 Sancti

214 1245 439 1282 Francisci
454 1244 631 1292 Borg1a,
644 1249 893 1291 temporum
909 1248 1142 1281 servantes
1158 1243 1370 1290 ordinem,
1387 1242 1720 1280 testamentum¹
1734 1253 1858 1290 prae-

213 1317 458 1362 mittemus,
487 1316 604 1365 quod
635 1315 688 1353 de
713 1316 851 1364 ipsius
887 1315 1038 1353 Sancti
1062 1315 1097 1352 F
1100 1315 1289 1353 rancisci
1314 1320 1406 1352 tum
1430 1315 1738 1352 decessoribus
1765 1320 1858 1352 tum

215 1388 425 1426 fratribus
445 1387 765 1435 sororibusque
780 1388 908 1435 plura
931 1385 1178 1424 elucidandi
1198 1386 1476 1424 occasionem
1503 1385 1621 1423 haud
1651 1396 1858 1433 spernen-

213 1460 314 1498 dam
329 1460 566 1497 exhibebit.

266 1641 276 1660 1
317 1640 416 1668 Licet
428 1643 671 1667 testamentum
685 1638 940 1673 autographum
955 1638 1048 1665 tertii
1065 1637 1220 1666 Gandiae
1236 1638 1340 1665 Ducis
1352 1645 1417 1665 non
1433 1641 1546 1665 exstat
1559 1637 1648 1672 apud
1663 1644 1733 1671 nos,
1750 1644 1859 1663 exem—

210 1689 287 1722 plar
313 1692 426 1715 tamen
455 1687 691 1715 authenticum
715 1687 896 1721 habemus,
922 1693 981 1713 seu
1002 1686 1249 1721 apographum,
1275 1686 1362 1720 quod
1388 1685 1559 1719 Gandiae,
1581 1685 1613 1712 in
1633 1685 1706 1719 ipso
1731 1684 1861 1711 ducalis

210 1736 330 1769 palatii
347 1736 525 1768 Archivio,
543 1735 584 1762 ad
601 1742 726 1762 annum
740 1734 808 1761 1888
820 1734 932 1761 fuerat
948 1738 1177 1761 asservatum:
1193 1734 1228 1760 96
1242 1734 1385 1760 chartae
1398 1733 1487 1760 soliis
1500 1740 1709 1767 pergameno
1724 1739 1861 1766 cooper-

211 1783 254 1810 tis
271 1784 419 1817 tegmine
437 1784 631 1810 continetur
647 1786 680 1810 et
695 1790 715 1810 a
730 1782 865 1809 notario
882 1782 1023 1809 Andrea
1039 1780 1287 1816 christophoro
1303 1781 1341 1808 de
1358 1780 1515 1808 Rocasull
1530 1780 1668 1814 publica
1680 1779 1743 1807 fide
1756 1779 1860 1806 muni-

211 1837 281 1858 tum
297 1835 359 1858 est.
376 1831 511 1858 Primus
526 1838 609 1858 vero
625 1831 765 1865 hujusce
780 1829 907 1864 publici
923 1829 1141 1857 instrumenti
1162 1832 1320 1863 receptor
1335 1829 1398 1855 suit
1413 1828 1567 1855 notarius
1584 1827 1697 1855 Lucas
1711 1827 1863 1860 Joannes

213 1878 396 1911 Riudaura,
411 1879 574 1908 Gandiae.
589 1878 623 1905 28
644 1878 823 1905 Februarii
840 1877 919 1912 1538,
935 1876 1095 1904 nimirum
1110 1884 1197 1904 anno
1213 1877 1329 1911 quinto
1345 1880 1424 1903 ante
1441 1876 1570 1903 obitum
1585 1875 1786 1907 TestatoriS,
1803 1875 1862 1909 qui

211 1927 262 1954 die
277 1927 294 1953 9
307 1926 462 1959 januarii
479 1926 547 1953 1543
568 1927 723 1953 decessit.
739 1926 998 1953 Testamentum
1012 1925 1191 1952 valentina
1212 1928 1393 1952 exaratum
1414 1927 1465 1951 est
1481 1924 1644 1956 dialecto,
1666 1930 1732 1957 qua
1747 1922 1859 1950 hodie-

211 1975 289 2001 dum
305 1974 517 2002 Gandienses
533 1974 663 2002 incolae
680 1977 833 2001 utuntur.
