1969 3293
179 140 250 177 664
727 138 770 176 S.
801 139 1075 177 FRANcrscus
1102 140 1276 178 BORGIA

181 248 495 285 successores,
519 244 769 289 postquam
791 238 1090 289 sepulchrum
1111 238 1376 278 huiusmodi
1395 239 1441 278 in
1463 239 1587 278 dicta
1609 239 1822 279 Ecclesia

182 307 432 347 Societatis
454 307 604 361 JESV
625 315 963 360 constructum,
988 316 1036 349 ut
1057 309 1341 361 praefertur,
1364 310 1519 358 fuerit,
1550 310 1609 349 ad
1637 309 1747 349 illud
1777 310 1823 349 in

181 379 305 418 dicta
328 380 539 419 Ecclesia
561 380 735 420 Beatae
762 380 942 420 Mariae
968 380 1161 421 Maioris
1188 380 1244 420 de
1272 379 1401 420 Vrbe
1430 380 1563 431 erigi,
1595 386 1639 420 et
1670 380 1823 420 aedifi-

182 451 279 490 cari
301 450 571 490 faciendum
593 451 782 491 minime
804 452 979 502 teneri,
1003 463 1090 492 nec
1112 451 1171 492 ad
1193 452 1240 492 id
1260 463 1343 504 per
1361 452 1557 492 dilectos
1574 451 1692 491 filios
1709 452 1823 491 eius-

181 522 287 561 dem
308 521 482 561 Beatae
505 521 684 562 Mariae
706 522 897 562 Maioris
915 522 1195 574 Capitulum,
1217 522 1498 573 Canonicos,
1519 529 1563 562 et
1581 533 1822 574 personas,

182 588 269 632 aut'
296 592 412 632 alios
447 604 766 645 quoscumque
802 593 922 645 cogi,
956 594 1032 633 vel
1062 594 1297 645 compelli,
1332 600 1410 634 aut
1437 594 1636 644 desuper
1670 593 1825 644 aliquo

180 664 319 704 modo
340 665 595 715 molestari,
620 666 904 716 perturbari,
927 667 1004 706 vel
1025 666 1274 717 inquietari
1289 677 1442 717 posse,
1462 665 1707 716 minusque
1723 676 1826 716 pro-

181 742 342 787 pterea
374 736 556 787 aliquas
584 737 934 778 ecclesiasticas
961 749 1043 777 seu
1070 738 1354 789 temporales
1382 748 1559 788 poenas
1587 737 1828 776 incurrere

181 807 377 847 censeri.
390 806 560 859 Sicque
577 819 660 859 per
679 794 999 860 quoscumque
1015 809 1219 862 Judices,
1240 815 1284 849 et
1301 808 1666 858 commissarios,
1687 807 1829 847 etiam

181 878 315 919 Sacri
342 878 509 919 Palatii
531 879 796 931 Apostolici
818 880 1074 921 Auditores
1096 893 1151 921 ac
1179 880 1224 921 S.
1248 880 1302 920 R.
1327 881 1378 920 E.
1403 880 1700 931 Cardinales,
1725 879 1828 919 sub-

180 951 276 991 lata
303 951 385 1001 eis,
410 958 454 991 et
482 963 644 992 eorum
673 952 874 1002 cuilibet,
899 953 1067 1003 quavis
1096 953 1229 992 aliter
1262 951 1515 1002 iudicandi,
1540 958 1583 992 et
1604 951 1828 1002 interpre-

181 1022 310 1062 tandi
331 1022 570 1073 facultate,
596 1029 641 1063 et
662 1024 958 1074 auctoritate,
978 1022 1202 1074 judicari,
1228 1023 1434 1075 diffiniri,
1466 1028 1510 1063 et
1530 1021 1831 1074 interpretari

181 1094 364 1145 debere,
390 1095 573 1135 irritum
595 1107 794 1147 quoque,
818 1101 863 1135 et
880 1096 1018 1135 inane
1035 1096 1260 1147 quidquid
1277 1107 1413 1135 secus
1430 1106 1571 1146 super
1587 1094 1659 1134 his
1677 1106 1703 1134 a
1721 1105 1829 1145 quo-

180 1178 335 1217 quam,
361 1167 529 1218 quavis
552 1167 835 1207 auctoritate
856 1167 1074 1216 scienter,
1098 1168 1175 1207 vel
1195 1167 1470 1218 ignoranter
1493 1166 1742 1217 contigerit
1765 1172 1829 1206 at-

179 1238 414 1290 temptari.
441 1239 499 1279 Et
519 1238 824 1279 nihilominus
844 1239 1103 1279 venerabili
1124 1239 1257 1279 fratri
1279 1239 1514 1290 Episcopo
1535 1238 1718 1278 Muran.
1744 1238 1830 1291 Cu-

179 1310 279 1350 riae
319 1309 583 1350 Causarum
622 1310 850 1351 Camerae
889 1310 1194 1362 Apostolicae
1233 1322 1357 1350 nunc
1402 1316 1447 1350 et
1492 1322 1578 1362 pro
1618 1316 1828 1361 tempore

179 1382 401 1422 existenti
433 1382 646 1433 generali
682 1382 921 1433 Auditori,
958 1394 1042 1434 per
1075 1388 1349 1434 praesentes
1385 1382 1747 1430 committimus,
1786 1387 1830 1421 et

179 1454 487 1505 mandamus,
526 1461 758 1506 quatenus
792 1454 892 1506 ipse
927 1466 1010 1506 per
1045 1466 1115 1505 se,
1153 1456 1228 1495 vel
1263 1455 1425 1505 alium,
1460 1466 1543 1494 seu
1578 1454 1695 1494 alios
1731 1453 1828 1503 tibi,

177 1532 222 1565 et
258 1525 376 1575 aliis,
418 1537 535 1577 quos
574 1526 835 1577 praemissa
877 1526 1224 1578 quomodolibet
1264 1532 1574 1577 concernunt,
1618 1533 1663 1566 et
1697 1534 1742 1566 te
1782 1526 1830 1566 in

177 1597 385 1637 futurum
421 1609 708 1638 concernere
742 1603 983 1649 poterunt,
1020 1598 1067 1638 in
1102 1598 1398 1649 praemissis,
1436 1597 1639 1638 efficacis
1675 1597 1829 1638 defen-

177 1668 324 1709 sionis
359 1669 596 1720 praesidio
633 1669 874 1720 assistens,
913 1669 1057 1710 faciat
1093 1670 1371 1710 auctoritate
1413 1676 1576 1710 nostra
1610 1681 1829 1722 praesen-

177 1747 247 1780 tes
269 1741 451 1780 litteras
472 1746 516 1780 et
538 1741 585 1781 in
607 1741 672 1781 eis
695 1746 915 1781 contenta
939 1753 1275 1793 quaecumque,
1299 1742 1392 1791 ubi,
1418 1741 1691 1793 quand0,·et
1721 1752 1830 1792 quo-

178 1813 267 1852 ties
292 1824 408 1863 opus
429 1812 585 1863 fuerit,
611 1812 795 1870 debitae
817 1814 1119 1865 exequutioni
1141 1813 1430 1864 demandari,
1455 1820 1615 1865 teque,
1641 1820 1684 1853 et
1715 1813 1831 1853 alios

179 1884 478 1935 supradictos
499 1884 873 1935 confirmatione,
897 1885 1258 1937 approbatione,
1283 1886 1611 1935 concessione,
1635 1884 1829 1937 indulto,

177 1956 382 2006 licentia,
406 1957 663 2007 voluntate,
688 1955 893 2007 decreto,
918 1963 963 1996 et
984 1957 1087 1997 aliis
1118 1957 1390 2009 praemissis
1417 1957 1612 2008 pacifice
1638 1956 1750 2006 frui,
1787 1962 1833 1996 et

177 2027 401 2077 gaudere.
425 2027 531 2067 Non
551 2028 829 2079 permittens
851 2034 910 2077 te,
934 2029 1010 2068 vel
1032 2040 1111 2068 eos
1133 2029 1332 2080 desuper
1354 2028 1621 2080 praedictos
1643 2028 1832 2079 Capitu-

179 2100 288 2149 lum,
314 2098 606 2150 Canonicos,
631 2105 675 2139 et
703 2111 931 2151 personas
960 2100 1201 2140 Ecclesiae
1230 2100 1403 2140 Beatae
1433 2100 1612 2140 Mariae
1640 2099 1832 2139 Maioris

179 2170 235 2209 de
253 2169 397 2220 Vrbe,
418 2176 499 2210 aut
521 2171 639 2211 alios
662 2183 996 2223 quoscumque,
1018 2183 1312 2224 quacumque
1335 2172 1615 2212 auctoritate
1636 2171 1833 2222 fungan-

179 2249 268 2292 tur,
288 2242 485 2293 publice,
505 2243 582 2282 vel
600 2244 797 2293 occulte,
819 2243 1010 2293 directe,
1026 2244 1102 2282 vel
1118 2243 1359 2293 indirecte,
1379 2243 1535 2294 tacite,
1554 2244 1630 2283 vel
1647 2254 1833 2294 expres-

180 2326 244 2361 se,
288 2313 455 2364 quOVIs
497 2315 708 2365 quaesito
750 2316 923 2365 colore,
966 2316 1041 2354 vel
1075 2315 1286 2366 ingenio,
1330 2315 1533 2355 indebite
1573 2313 1830 2363 molestari,

182 2385 464 2435 perturbari,
504 2386 580 2426 vel
618 2386 736 2426 alias
759 2387 1107 2438 quomodolibet
1143 2387 1408 2438 inquietari.
1446 2386 1833 2427 Contradictores

183 2457 429 2507 quoslibet,
456 2463 500 2497 et
522 2458 719 2498 rebelles
747 2470 830 2510 per
860 2469 1202 2510 quascumque,
1227 2458 1283 2498 de
1314 2458 1480 2510 quibus
1502 2458 1568 2498 eis
1597 2457 1833 2498 videbitur

184 2538 425 2578 censuras,
451 2534 495 2568 et
517 2541 693 2580 poenas
722 2530 917 2570 arbitrio
948 2541 1109 2570 eorum
1137 2530 1468 2582 imponendas,
1501 2529 1830 2578 moderandas,

180 2604 226 2637 ct
255 2599 581 2651 applicandas,
617 2612 672 2640 ac
701 2601 793 2641 alia
830 2601 944 2641 iuris
971 2601 1194 2651 remedia,
1227 2601 1541 2653 appellatione
1570 2600 1833 2652 postposita

183 2671 545 2722 compescendO,
568 2672 788 2712 invocato
811 2672 950 2712 etiam
969 2673 1027 2712 ad
1050 2672 1155 2720 hoc,
1180 2673 1217 2712 si
1235 2684 1351 2724 opus
1369 2673 1520 2723 fuerit,
1541 2672 1714 2712 auxilio
1732 2672 1833 2711 bra—

183 2740 278 2780 chii
299 2742 542 2782 secularis.

265 2812 368 2852 Non
391 2814 604 2854 obstante
625 2816 867 2855 voluntate
890 2815 1001 2855 dicti
1022 2815 1155 2855 Pauli
1176 2816 1554 2867 praedecessoris
1582 2817 1749 2866 nostri,
1779 2828 1834 2857 ac

181 2884 427 2934 quibusvis
450 2886 875 2937 constitutionibus,
901 2893 946 2927 et
963 2887 1640 2939 ordinationibusapostolicis,
1661 2888 1830 2928 dictae-

181 2966 272 3006 que
293 2955 534 2996 Ecclesiae
556 2956 758 2998 Sanctae
779 2958 958 2999 Mariae
980 2958 1187 3009 Maioris,
1209 2959 1350 2999 etiam
1371 2960 1648 3011 iuramento,
1670 2959 1832 3000 confir-
