2063 3283
705 244 934 281 APPENDIX
961 243 1147 290 QUARTA
1686 241 1760 281 213
1779 247 1782 250 ⁴

117 338 403 385 amenazaba
423 351 514 381 con
534 351 623 391 que
643 339 839 380 vendria
860 339 996 379 sobre
1018 339 1060 378 el
1079 339 1122 378 el
1138 337 1282 390 juicio
1305 338 1361 378 de
1381 337 1513 389 Dios,
1535 350 1567 389 y
1595 349 1683 389 que
1713 339 1757 378 le

115 413 305 466 parecia
323 411 566 463 imposible
583 421 670 462 que
686 421 749 450 un
764 409 887 461 viejo
906 410 961 449 de
978 415 1159 449 setenta
1177 413 1307 460 anos,
1328 420 1463 450 como
1480 419 1561 449 era
1577 409 1620 449 61
1634 407 1752 460 Rey,

116 483 306 536 pudiese
326 481 592 533 corregirse
615 481 671 521 de
692 492 771 520 sus
792 480 1127 530 costumbres.„

916 693 960 733 X

197 907 268 948 En
288 906 438 947 Breve
460 906 533 946 del
554 905 683 956 Papa
705 906 749 945 al
770 904 1004 946 Cardenal
1024 904 1200 955 Alano,
1232 904 1424 956 Legado
1452 917 1510 945 en
1537 905 1757 955 Francia,

116 978 251 1019 secha
276 977 321 1017 17
344 977 400 1018 de
417 977 684 1017 Diciembre
700 975 756 1016 de
777 975 892 1027 1456,
911 987 961 1016 se
981 975 1067 1016 lee:
1090 975 1241 1016 “Tuae
1262 976 1404 1026 igitur
1425 982 1584 1027 partes
1605 982 1758 1027 erunt,

117 1055 167 1090 ut
187 1048 453 1101 praefatum
473 1047 650 1099 Regem
670 1046 884 1098 (Galliae)
906 1046 998 1086 tuis
1018 1046 1261 1098 precibus,
1287 1046 1693 1087 exhortationibus
1714 1053 1760 1087 et

119 1119 454 1161 efficacissimis
483 1118 866 1171 persuasionibus
898 1117 1094 1158 inducas
1123 1117 1182 1157 ad
1210 1117 1597 1169 complacendum
1624 1117 1763 1157 nobis

119 1192 165 1231 in
184 1191 387 1242 negotiis
408 1190 665 1240 cruciatae,
689 1194 740 1229 ut
760 1188 973 1229 celeriter
995 1188 1321 1239 expediatur...
1347 1187 1445 1240 jam
1476 1199 1636 1228 sumus
1661 1188 1760 1228 fere

118 1262 163 1302 in
184 1273 296 1302 vere
317 1267 362 1301 et
383 1261 559 1301 inimici
574 1260 681 1301 fidei
701 1259 992 1300 orthodoxae
1009 1270 1103 1299 non
1118 1259 1369 1299 dormiunt.
1389 1258 1577 1310 Nosque
1595 1259 1762 1310 dieque

117 1338 372 1384 noctuque,
397 1332 539 1372 etiam
565 1331 845 1382 sanguinem
871 1329 1171 1381 exponendo,
1205 1330 1478 1381 vigilamus,
1509 1336 1553 1370 et
1580 1341 1759 1382 paucos

119 1408 452 1455 cooperatores
472 1403 781 1455 reperimus...
804 1412 900 1441 non
920 1401 1207 1452 permittatis
1228 1401 1369 1441 istum
1397 1400 1575 1453 Papam
1601 1411 1762 1441 senem

119 1474 186 1514 sic
204 1473 426 1514 afflictum
446 1486 531 1526 pro
554 1473 824 1514 defensione
846 1473 971 1512 sacri
992 1472 1256 1524 Evangelii,
1280 1473 1434 1524 magis
1455 1472 1600 1523 affligi
1620 1482 1765 1523 quam

119 1544 396 1596 affligatur.„

907 1827 970 1867 XI

188 2050 341 2079 CARTA
370 2050 430 2078 DE
457 2051 574 2079 BLAs
599 2051 796 2090 GHILINI,
827 2051 954 2078 ABAD
981 2051 1042 2078 DE
1069 2050 1157 2078 sAN
1185 2049 1412 2077 AMBROSIO
1440 2049 1502 2077 DE
1529 2041 1695 2087 mmm,

447 2113 478 2149 Α
508 2121 760 2150 FRANC1sco
793 2122 988 2157 SFORZA,
1022 2120 1176 2154 DUQUE
1207 2120 1268 2147 DE
1296 2111 1442 2148 MILAN

200 2321 273 2362 De
293 2321 444 2362 Roma
465 2325 493 2363 a
513 2322 566 2362 23
586 2321 642 2362 de
662 2323 801 2376 Junio
826 2323 882 2362 de
907 2322 1023 2363 1457:

202 2393 276 2433 Ha
295 2393 480 2444 llegado
504 2397 590 2434 aca
610 2406 673 2434 un
699 2394 870 2434 nuncio
899 2394 954 2434 de
983 2394 1029 2433 la
1057 2391 1372 2434 Universidad
1402 2390 1458 2431 de
1485 2390 1620 2430 Paris
1647 2402 1766 2442 para

124 2464 265 2504 hacer
287 2464 459 2505 ciertas
478 2471 713 2517 protestas
734 2470 842 2505 ante
863 2465 905 2505 el
925 2465 1054 2516 Papa
1074 2477 1106 2516 y
1128 2463 1435 2513 Cardenales,
1459 2475 1490 2513 y
1518 2473 1635 2513 para
1663 2462 1766 2502 inti-

125 2535 295 2575 marles
311 2535 411 2576 diez
427 2549 458 2588 y
475 2536 594 2576 ocho
612 2537 837 2577 articulos
854 2547 966 2587 muy
983 2534 1310 2576 infamatorios
1330 2547 1361 2586 y
1381 2532 1514 2585 pedir
1535 2532 1761 2573 Concilio.

124 2606 191 2646 Lo
212 2609 263 2647 se
282 2618 368 2658 por
387 2618 617 2658 personas
637 2618 833 2658 graves;
858 2619 918 2647 no
940 2610 989 2646 se
1010 2606 1049 2646 si
1070 2609 1176 2646 sera
1199 2605 1359 2645 ciertO.

203 2676 259 2717 El
278 2688 363 2729 rey
384 2677 441 2718 de
462 2677 659 2730 Aragon
678 2678 802 2730 pidio
825 2681 852 2718 a
872 2676 951 2718 SS.
975 2689 1064 2729 que
1091 2676 1370 2717 confirmase
1401 2676 1446 2715 la
1478 2675 1680 2727 peticion
1707 2675 1766 2715 de

123 2749 194 2788 los
215 2748 494 2800 canonigos,
520 2748 576 2789 de
597 2761 660 2789 un
681 2748 939 2801 Obispado‚
963 2748 1114 2788 hecha
1135 2751 1162 2788 a
1180 2747 1317 2787 favor
1347 2747 1421 2787 del
1448 2745 1543 2797 hijo
1572 2746 1629 2786 de
1657 2745 1764 2786 Don

122 2818 159 2858 F
162 2819 390 2870 ernand03
414 2820 456 2859 el
484 2819 614 2871 Papa
634 2832 694 2860 no
715 2820 776 2860 ha
806 2818 999 2872 querido
1022 2818 1274 2859 confirmas
1304 2817 1443 2858 dicha
1473 2817 1700 2869 peticion,
1731 2829 1765 2868 y

125 2889 167 2929 el
186 2888 456 2941 embajador
474 2889 535 2930 ha
563 2891 851 2942 interpuesto
881 2901 974 2930 una
1004 2889 1249 2941 apelacion
1279 2889 1324 2928 al
1349 2888 1506 2928 futuro
1535 2887 1763 2929 Concilio:

126 2959 254 3011 Papa
274 2959 514 3001 maledixit
534 2961 598 3001 illi
618 2967 664 3001 et
683 2960 1110 3002 excommunicavit
1130 2971 1251 3000 eum:
1275 2960 1317 2999 61
1340 2958 1434 3010 dijo
1458 2960 1502 2999 al
1523 2958 1652 3010 Papa
1673 2969 1765 3010 que

127 3030 324 3080 apelaba
345 3032 372 3069 a
392 3029 524 3082 DiOS,
548 3043 636 3082 que
657 3043 707 3072 es
723 3031 870 3083 justo,
895 3042 982 3082 que
1004 3031 1045 3071 le
1066 3030 1256 3071 libraria
1277 3029 1334 3069 de
1354 3030 1398 3069 la
1419 3029 1683 3070 maldicion.
1706 3028 1765 3069 El
