1969 3293
717 115 834 152 ALIA
863 126 1124 154 DOCUMENTA
1640 142 1641 145 =
1662 121 1733 157 755

101 209 180 249 via
198 211 311 258 lata,
336 210 412 261 qui
429 210 581 250 dictae
598 211 824 251 ecclesiae
841 212 1076 252 Valentin.
1107 225 1166 253 ex
1182 213 1409 255 similibus
1426 216 1730 257 concessione

104 286 147 320 et
169 280 517 332 dispensatione
534 292 721 332 preesse
738 282 1048 333 dignoscitur,
1068 283 1269 324 Diaconi
1286 285 1549 327 Cardinalis
1566 286 1624 327 ad
1642 287 1729 327 hoc

104 362 328 402 expresso
365 350 617 392 accedente
645 364 898 404 consensu,
929 365 1203 405 separamus
1240 367 1294 396 ac
1324 356 1727 407 dismembramuS,

105 422 252 474 illosq.
272 434 327 462 ac
344 422 535 471 fructus,
554 422 762 463 redditus
780 431 822 464 ct
841 433 1093 475 prouentus
1110 426 1337 467 ecclesiae
1352 427 1517 468 beatae
1534 428 1726 478 Mariae,

105 504 160 532 ac
181 500 368 533 centum
389 500 432 533 et
454 494 791 544 quinquaginta
814 508 871 534 ex
888 496 1023 535 dictis
1040 496 1441 538 distributionibus
1457 500 1727 550 prouenien-

106 570 194 612 tes,
219 570 284 613 et,
307 571 555 615 postquam
576 568 663 616 pta
685 565 832 605 Maria
854 566 957 606 illas
978 566 1242 618 donauerit,
1266 575 1452 609 centum
1478 570 1621 610 libras
1649 570 1728 610 hu-

104 634 301 674 iusmodi
323 635 474 674 dictae
496 635 685 676 Mensae
708 643 929 687 perpetuo
957 638 1266 688 applicamus,
1297 641 1656 691 appropriamus
1685 649 1729 681 et

105 705 422 756 assignamus3
448 709 510 746 ita
534 707 656 758 quod
678 708 815 747 liceat
837 720 895 747 ex
916 714 1025 748 tunc
1048 708 1239 749 Decano
1261 716 1305 750 et
1333 710 1493 762 Caplo.
1524 712 1617 762 ptis
1648 724 1730 764 per

103 788 152 816 se
174 778 247 816 vel
271 777 410 816 alium
433 789 513 817 seu
537 778 676 828 alios,
700 778 901 829 fructus,
925 780 1134 820 redditus
1156 787 1199 820 et
1228 788 1483 831 prouentus
1511 795 1566 823 ac
1594 794 1728 833 pecu—

101 847 238 887 niaru
257 859 465 888 summas
486 848 645 899 hmoi.‚
669 850 860 900 propria
883 856 1050 898 aucte,
1071 851 1212 891 libere
1227 853 1468 904 percipere
1485 865 1540 893 ac
1558 854 1604 894 in
1621 866 1730 895 suos

102 929 234 969 usus,
265 919 577 970 utilitatemq,
604 918 701 970 jux.
735 921 1075 961 ordinationem
1101 922 1146 961 in
1169 924 1491 974 praesentibus
1518 925 1729 976 designa-

102 995 219 1039 tam,
243 995 504 1037 couertere‚
531 989 784 1030 Diocesani
805 992 893 1031 loci
918 1004 972 1031 ac
994 992 1221 1033 dilectori]
1241 993 1392 1035 filioru
1413 995 1558 1046 Capli.
1580 997 1731 1037 dictae

103 1060 290 1100 Eccliae
314 1060 548 1100 Valentin.
572 1069 617 1101 et
638 1062 844 1102 cuiusuis
867 1063 1057 1102 alterius
1078 1064 1266 1104 licentia
1285 1076 1422 1116 super
1440 1067 1527 1106 hoc
1542 1067 1730 1107 minime

101 1131 346 1182 requisita,
370 1137 626 1171 statuentes
648 1139 691 1172 et
713 1133 1006 1183 ordinantes,
1034 1134 1157 1184 quod
1178 1141 1273 1175 tam
1294 1134 1515 1177 Decanus
1542 1143 1586 1177 et
1614 1138 1727 1178 Can—

104 1208 176 1241 tor
197 1214 241 1253 q.
264 1201 435 1252 Can.ci‚
459 1202 640 1243 Vicarii
661 1209 705 1242 et
734 1203 960 1243 Chorales
987 1204 1061 1255 pfl
1095 1205 1141 1244 in
1175 1205 1299 1246 dicta
1333 1208 1532 1247 ecclesia
1565 1208 1729 1248 beatae

102 1273 281 1313 Mariae
302 1272 472 1313 Missas
492 1285 547 1313 ac
570 1274 710 1313 horas
739 1275 1002 1314 Canonicas
1030 1283 1073 1315 et
1101 1276 1191 1316 alia
1223 1277 1380 1317 diuina
1411 1278 1560 1318 officia
1590 1279 1729 1319 modo

103 1344 329 1394 permisso
352 1344 608 1393 celebrare,
633 1357 689 1384 ac
711 1346 866 1385 omnia
888 1352 932 1385 et
953 1346 1138 1397 singula
1159 1359 1303 1388 onera
1324 1352 1410 1400 pta
1436 1349 1496 1389 ad
1525 1361 1730 1401 vnguem

105 1414 311 1466 perferre
333 1422 601 1465 teneantur,
626 1427 680 1455 ac
703 1428 761 1456 ex
790 1415 1042 1468 fructibus,
1074 1418 1330 1459 redditibus
1356 1421 1657 1471 prouentibus
1686 1427 1730 1461 et

104 1486 360 1536 pecuniarii
387 1487 579 1526 summis
600 1487 741 1526 limoi.
774 1488 1036 1538 prebendas
1063 1500 1145 1528 seu
1173 1490 1411 1540 portiones
1440 1494 1542 1542 pssas
1569 1503 1730 1532 secun-

101 1557 211 1597 dum
232 1557 441 1597 ordinem
462 1562 579 1609 ptum
600 1558 883 1610 percipiant,
908 1559 1000 1610 qui,
1026 1559 1145 1599 inter
1165 1567 1457 1611 praesentes,
1482 1574 1537 1602 ac
1558 1563 1728 1615 missis,

100 1628 229 1668 horis
264 1628 514 1668 Canonicis
548 1635 592 1668 et
628 1629 730 1668 aliis
767 1629 936 1669 diuinis
970 1629 1131 1670 officiis
1161 1631 1511 1683 interessenteS,
1549 1640 1728 1674 tantum

100 1699 462 1748 distribuantur,
488 1706 532 1739 et
552 1700 703 1750 portio
724 1711 816 1740 non
846 1701 1147 1741 residentium
1182 1702 1284 1742 aliis
1318 1704 1648 1756 residentibuS,
1686 1713 1731 1745 et

99 1770 255 1810 missis
276 1770 406 1810 horis
427 1778 470 1810 et
492 1770 594 1810 aliis
622 1771 791 1811 diuinis
819 1771 979 1811 officiis
1001 1772 1142 1813 hmoi.
1180 1775 1440 1825 respectiue
1473 1775 1730 1816 secundum

99 1837 443 1881 ordinationem
464 1844 584 1892 paam
606 1848 863 1882 accrescat.

178 1912 234 1951 Et
256 1912 446 1963 insuper
467 1913 539 1952 ius
560 1919 838 1963 patronatus
865 1920 909 1953 et
944 1915 1153 1965 pntandi.
1183 1927 1410 1967 personas
1443 1917 1635 1958 idoneas
1671 1919 1730 1958 ad

100 1983 418 2034 Decanatum,
455 1983 728 2024 Cantoriam
761 1997 816 2024 ac
847 1984 1163 2026 Canonicatus
1197 1993 1240 2027 et
1268 1988 1549 2038 prebendas,
1585 1988 1728 2030 hmoi.

98 2062 195 2094 tam
214 2055 303 2094 hac
325 2054 394 2106 pf*
414 2054 538 2105 vice,
563 2067 703 2106 quam
723 2056 938 2106 quotiens
964 2057 1067 2096 illos
1099 2057 1319 2109 deinceps
1348 2060 1586 2110 perpetuis
1611 2060 1731 2100 futu-

96 2125 161 2165 ris
183 2125 472 2176 temporibus
494 2137 666 2165 vacare
688 2127 962 2177 contigerit,
986 2131 1069 2178 p.t0
1088 2128 1258 2181 Joanni
1279 2130 1526 2181 moderno,
1557 2131 1731 2182 quadiu

102 2196 195 2236 vita
217 2196 457 2236 durauerit
478 2196 524 2236 in
545 2196 783 2247 humanis,
808 2204 852 2237 et
874 2198 1040 2238 deinde
1069 2199 1167 2239 cius
1199 2200 1445 2240 heredibus
1475 2206 1520 2241 et
1546 2213 1730 2242 succes-

95 2267 280 2307 soribus
301 2267 514 2308 Gandiae
536 2267 744 2308 Ducibus
766 2280 850 2320 pro
874 2275 1083 2320 tempore
1105 2270 1432 2321 existentibus,
1458 2272 1729 2313 instituendi

95 2349 209 2378 vero
244 2338 303 2377 ad
339 2337 633 2378 Decanatum
669 2338 906 2391 Archiepo
933 2340 1188 2392 Valentin.,
1223 2342 1281 2382 ad
1311 2342 1728 2384 Cantoriam-Vero

95 2421 279 2449 necnon
292 2409 609 2450 Canonicatus
624 2416 666 2450 et
684 2411 944 2462 prebendas
961 2423 1187 2463 personas
1203 2424 1287 2464 pro
1300 2419 1510 2465 tempore
1522 2420 1728 2466 pntatas.

94 2480 291 2520 Decano
313 2487 357 2520 et
379 2480 681 2532 Cap10.p.tiS‚
714 2482 759 2521 in
795 2489 1069 2534 perpetuum
1104 2484 1404 2526 concedimus
1438 2491 1483 2525 et
1518 2486 1729 2537 assigna-

94 2562 219 2602 mus,
243 2551 403 2603 ipsisq.
427 2550 620 2592 Decano
641 2559 685 2592 et
706 2551 890 2604 Caplo.,
915 2553 1161 2605 Chorales,
1195 2566 1251 2595 ac
1278 2556 1367 2596 soli
1401 2555 1617 2607 Decano,
1648 2556 1728 2597 Vi-

93 2622 250 2662 carios
271 2626 395 2673 p.t08,
419 2634 502 2674 pro
523 2623 622 2663 solo
643 2628 757 2663 nutu
778 2634 963 2675 eorum,
987 2625 1190 2676 ponendi
1211 2633 1255 2666 et
1275 2627 1544 2678 amouendi,
1575 2639 1632 2668 ac
1661 2629 1728 2668 eis

96 2705 180 2744 pro
214 2693 438 2744 Vtilitate,
477 2692 644 2734 decore
677 2701 721 2734 et
762 2702 1038 2736 ornamento
1080 2708 1135 2737 ac
1177 2698 1534 2738 conseruatione
1574 2698 1727 2739 dictae

93 2764 284 2805 eccliae.
308 2764 473 2804 beatae
493 2764 670 2806 Mariae
691 2766 847 2817 aliqua
869 2772 1043 2807 statuta
1064 2768 1360 2809 rationabilia
1383 2775 1426 2809 et
1442 2769 1639 2810 honesta
1655 2783 1730 2810 sa·

94 2835 188 2876 cris
209 2835 478 2876 Canonibus
498 2847 592 2876 non
613 2837 863 2889 contraria,
889 2844 933 2877 et
959 2839 1231 2889 praemissis
1253 2840 1624 2881 ordinationibus
1644 2853 1728 2893 per

94 2918 180 2947 nos
200 2906 337 2947 factis
357 2917 451 2946 non
471 2908 783 2958 repugnantia
799 2908 1052 2960 condendi,
1077 2921 1196 2961 quae
1212 2910 1280 2952 sic
1297 2911 1483 2952 condita
1500 2915 1586 2963 pta
1603 2920 1727 2964 ap.ca
