1969 3293
737 164 853 201 ALIA
881 174 1141 201 DOCUMENTA
1687 164 1757 201 ()()5

125 262 329 311 Notarii,
367 261 439 301 die
467 261 647 301 decima
676 273 798 301 nona
829 262 1002 301 mensis
1038 261 1299 301 decembris
1342 261 1452 301 anni
1485 261 1756 301 Nativitatis

125 332 313 372 Domini
334 332 564 372 millesimi
585 332 973 383 quingentessimi
990 332 1156 372 decimi
1175 332 1331 372 octavi
1348 364 1355 382 ‚
1375 338 1420 372 et
1437 338 1542 383 post
1558 338 1757 372 mortem

125 403 278 443 dictae
309 403 505 443 Illustris
532 403 787 442 testatricis
816 415 898 454 per
922 402 1243 443 honorabilem
1276 410 1319 442 et
1350 403 1602 443 discretum
1632 402 1757 453 Ago-

125 474 314 514 stimum
334 473 536 514 Dalmau
556 474 812 523 notarium,
836 486 917 525 per
946 474 1360 524 praemorientiam
1386 473 1394 492 ¹
1425 473 1536 513 dicti
1562 473 1756 526 Joannis

101 542 103 545 ’
125 546 199 584 del
218 543 329 584 Port
349 544 520 584 notarii
541 544 684 584 libros
701 552 744 584 et
762 552 898 584 notas
914 545 1060 595 ipsius
1077 551 1340 595 regentem,
1360 544 1663 594 publicatum,
1684 544 1757 583 die

124 615 262 656 tertio
292 615 466 655 mensis
496 614 740 655 Februarii
780 616 891 655 anni
926 615 1155 655 millesimi
1187 615 1575 666 quingentessimi
1609 616 1755 655 vices-

124 686 228 726 simi
250 686 465 729 secundi.
490 686 537 725 in
559 692 603 725 et
625 697 730 725 cum
752 697 842 737 quo
864 691 1144 726 testamento
1168 686 1390 725 nonnulla
1413 692 1457 725 et
1488 693 1618 725 certa
1645 684 1756 725 fecit

124 764 263 808 atque
296 756 494 796 dimissit
522 755 535 774 ²
563 757 718 807 legata
748 768 803 796 ac
832 768 968 796 suum
997 756 1182 796 demum
1209 756 1318 796 fecit
1340 763 1383 796 et
1405 756 1603 796 instituit
1625 756 1754 796 here-

124 827 229 867 dem
264 828 578 867 universalem
613 839 700 866 vos
734 827 1086 878 infrascriptum
1121 827 1321 866 nobilem
1356 827 1663 867 Franciscum
1699 828 1754 867 de

125 897 264 949 Borja
285 898 428 938 filium
449 910 583 938 suum
605 905 883 954 et‚nostrum
904 898 1268 949 primogenitum
1292 898 1609 947 carissimum,
1629 904 1672 938 et
1690 899 1754 938 in-

124 976 194 1009 ter
218 970 473 1021 praedicta,
497 976 624 1009 certa
646 976 691 1009 et
715 971 938 1009 nonnulla
958 971 1129 1020 legata,
1154 969 1199 1009 in
1218 969 1459 1019 praedicto
1483 981 1567 1009 suo
1592 970 1753 1009 ultimo

124 1047 402 1080 testamento
425 1041 570 1091 sacta,
594 1040 888 1091 reperiuntur
909 1040 1049 1090 facta,
1073 1040 1287 1091 apposita
1309 1047 1352 1079 et
1374 1040 1547 1091 scripta
1576 1040 1663 1080 ista
1694 1041 1754 1079 le-

123 1117 236 1162 gata
259 1123 378 1163 quae
397 1118 670 1151 secuuntu1·;

204 1182 360 1222 Primo
382 1183 504 1222 enim
527 1183 626 1233 ipsa
649 1183 812 1222 eadem
833 1183 1027 1222 illustris
1047 1182 1250 1222 Ducissa
1278 1194 1362 1233 pro
1393 1181 1493 1233 ejus
1520 1182 1678 1221 anima
1710 1191 1753 1221 et

126 1253 173 1293 in
190 1253 335 1304 ipsius
351 1253 626 1304 sufragium,
650 1254 849 1293 dimissit
867 1265 922 1293 ac
945 1253 1047 1293 dari
1068 1259 1112 1293 et
1129 1253 1344 1293 distribui
1365 1264 1446 1303 per
1467 1264 1578 1293 suos
1594 1264 1752 1292 manu-

127 1324 351 1364 missores
372 1323 385 1342 ³
407 1324 644 1375 praecepit
666 1330 710 1363 et
731 1324 973 1364 mandavit
993 1330 1089 1364 tres
1118 1325 1241 1364 mille
1268 1324 1417 1364 libras·
1442 1329 1655 1363 monetae
1685 1335 1753 1362 re-

126 1396 303 1445 galium
331 1395 598 1445 valentiae,
633 1407 749 1446 quas
776 1407 937 1435 omnes
963 1407 1046 1447 per
1075 1407 1177 1445 nos,
1208 1402 1448 1447 tamquam
1476 1396 1674 1435 alterum
1695 1407 1754 1434 ex

125 1467 544 1506 manumissoribus
562 1467 607 1506 in
620 1467 861 1518 praedicto
875 1467 1036 1507 ultimo
1049 1472 1328 1507 testamento
1347 1467 1547 1517 scriptis,
1567 1466 1754 1506 fuerunt

124 1538 305 1577 solutae
327 1544 370 1578 et
392 1538 667 1578 distributae
688 1539 734 1578 in
750 1538 822 1578 his
839 1539 1015 1585 diebus,
1036 1537 1258 1589 sufragiis
1275 1545 1318 1578 et
1336 1538 1490 1578 causis
1506 1549 1588 1589 per
1604 1537 1756 1589 ipsam

126 1607 355 1648 Illustrem
377 1609 666 1649 testatricem
688 1609 949 1660 dispossitis
972 1616 1015 1649 et
1038 1610 1279 1649 ordinatis.

206 1678 317 1719 Item
340 1680 480 1720 etiam
500 1680 642 1720 nobili
663 1680 863 1720 domnae
885 1680 1062 1720 Mariae
1083 1680 1203 1720 filiae
1226 1691 1337 1720 suae
1360 1688 1403 1720 et
1430 1687 1619 1720 nostrae
1646 1680 1757 1731 legi-

128 1751 267 1791 timae
290 1758 333 1791 et
354 1752 557 1791 naturali
579 1751 778 1791 dimissit
799 1758 937 1802 atque
959 1752 1135 1802 legavit
1155 1758 1390 1792 tercentas
1417 1751 1683 1803 quindecim
1709 1752 1758 1790 li-

127 1822 238 1862 bras
260 1821 466 1873 ejusdem
488 1829 725 1872 monetae,
744 1834 828 1873 pro
850 1829 893 1862 et
911 1822 969 1862 ad
986 1834 1102 1874 opus
1119 1823 1425 1873 ingressionis
1442 1822 1683 1873 religionis
1703 1834 1758 1862 ac

126 1894 402 1934 monasterii
419 1893 621 1934 Sanctae
639 1894 807 1934 Clarae
824 1894 976 1934 dictae
995 1902 1185 1934 nostrae
1202 1894 1341 1934 villae
1359 1893 1587 1944 Gandiae,
1604 1894 1651 1934 in
1667 1905 1760 1945 quo

128 1966 413 2004 monasterio
445 1964 541 2015 jam
573 1966 787 2015 ingressa
816 1965 900 2005 fuit
932 1971 976 2005 et
1003 1972 1072 2005 est
1100 1965 1159 2005 ad
1186 1965 1460 2016 religionem
1488 1965 1638 2016 ipsam
1667 1977 1760 2004 ser-

128 2035 333 2075 vandam
355 2042 399 2075 et
422 2036 799 2085 custodiendam,
823 2044 866 2075 et
896 2037 979 2076 sub
1007 2036 1275 2087 praedictae
1304 2042 1541 2076 tercentae
1571 2036 1759 2087 quinde-

130 2106 220 2145 cim
254 2106 399 2146 librae
433 2107 619 2146 fuerunt
653 2119 736 2158 per
770 2119 857 2146 nos
891 2107 1016 2147 dicto
1052 2107 1336 2147 monasterio
1369 2108 1547 2147 solutae
1577 2114 1622 2147 et
1653 2118 1760 2157 pac-

129 2183 265 2217 catae
286 2175 314 2217 ⁴.

213 2248 328 2288 Item
349 2248 488 2289 Petro
511 2249 567 2289 de
588 2250 633 2289 la
653 2248 781 2289 Mata
803 2249 1009 2301 ejusdem
1030 2250 1225 2289 Illustris
1243 2249 1496 2289 testatricis
1514 2249 1699 2289 alumno
1718 2257 1762 2290 et

132 2321 429 2370 espuelarum
450 2320 624 2360 famulo
646 2318 660 2338 ⁵
681 2320 880 2361 dimissit
903 2327 1042 2373 atque
1063 2321 1240 2371 legavit
1262 2321 1455 2371 triginta
1472 2321 1616 2360 libras
1632 2332 1765 2372 prae·

130 2389 251 2430 fixae
268 2397 496 2441 monetae,
517 2403 637 2443 quae
653 2403 737 2443 per
753 2404 838 2432 nos
854 2392 1041 2432 fuerunt
1058 2392 1147 2444 ipsi
1161 2393 1355 2440 solutae,
1376 2398 1424 2432 ut
1443 2398 1637 2443 apparet
1655 2403 1762 2433 cum

131 2472 280 2512 apoca
297 2460 311 2479 ⁶
329 2468 518 2513 recepta
533 2474 617 2514 per
632 2462 859 2515 Joannem
876 2463 1119 2513 Monrroig
1135 2462 1384 2511 notarium,
1400 2463 1650 2502 vicessima
1664 2474 1765 2514 sep-

187 2692 195 2710 ¹
234 2696 303 2726 per
313 2693 650 2727 praemorientiam‚
666 2701 703 2720 eo
718 2694 805 2728 quod
822 2698 924 2721 antea
940 2699 1092 2721 mortuus
1108 2699 1210 2721 esset.

189 2739 202 2757 ‘2
240 2739 411 2773 dimissit,
427 2744 634 2767 testamento
650 2741 798 2775 reliquit.

188 2786 202 2805 ⁵
244 2788 538 2819 manumissores,
552 2793 752 2815 executores
767 2789 977 2816 testamenti.

188 2837 201 2854 ⁴
236 2837 423 2869 paccatae,
436 2835 576 2869 hispane
590 2836 766 2869 pagadas,
780 2840 979 2863 numeratae
995 2844 1053 2863 seu
1069 2838 1212 2864 solutae.

188 2881 202 2900 5
239 2882 467 2916 espuelarum
482 2883 632 2916 famulo,
646 2883 788 2917 hispane
806 2891 900 2910 mozo
915 2885 958 2911 de
971 2884 1148 2918 espuelas,
1160 2886 1346 2913 calcarium
1359 2894 1418 2913 seu
1433 2894 1452 2913 a
1468 2886 1608 2920 pedibus
1624 2886 1765 2912 famulo.

187 2926 202 2947 6
240 2937 318 2956 cum
336 2934 457 2964 apoca,
473 2937 512 2956 ex
529 2937 647 2964 apoca,
664 2938 729 2965 qua
741 2939 824 2958 voce
837 2931 1050 2966 significatur
1063 2932 1225 2960 schedula
1238 2940 1303 2967 qua
1316 2933 1389 2968 quis
1401 2934 1529 2961 fatetur
1544 2941 1576 2961 se
1590 2932 1768 2967 quippiam

136 2977 179 3004 ab
195 2975 262 3003 alio
277 2977 454 3011 recepisse.
