2063 3283
700 246 929 282 AppExmx
959 245 1144 291 QUARTA
1658 247 1732 284 209

99 356 180 384 nes
202 342 486 393 Arbuixech,
510 342 674 382 Petrus
695 342 946 392 Cisternes,
970 341 1142 382 Ausias
1163 342 1344 393 Stasea,
1368 343 1569 383 Michael
1588 343 1725 396 Joan—

98 426 180 455 nes
199 414 415 464 Felibert,
440 413 668 453 Martinus
689 413 878 463 Garcia,
902 413 1172 464 Alphonsus
1193 414 1248 454 de
1267 414 1406 454 Avila
1423 420 1468 454 et
1489 414 1654 454 Petrus
1670 414 1725 454 de

97 485 258 532 Avila,
298 496 458 524 omnes
494 484 722 524 Canonici
756 484 1030 536 prebendati
1060 485 1182 524 dicte
1212 485 1468 536 Collegiate
1499 485 1724 536 Ecclesie,

98 568 211 596 sono
241 567 467 606 campane
499 556 749 595 convocati
777 562 820 595 et
848 557 1128 607 congregati
1157 556 1203 595 in
1231 568 1342 596 coro
1371 557 1491 596 dicte
1519 557 1726 597 Ecclesie

97 627 173 667 ubi
194 639 277 678 pro
300 627 526 666 similibus
549 634 593 666 et
614 627 717 666 aliis
739 627 919 667 actibus
941 633 985 667 et
1006 627 1326 667 instrumentis
1347 627 1573 667 faciendis
1590 633 1635 667 et
1656 627 1726 667 fir-

95 698 278 738 mandis
299 710 353 737 ac
375 699 576 749 negotiis
598 697 732 749 hujus
755 698 930 737 ordinis
959 698 1302 748 pertractandis
1331 704 1374 737 et
1396 697 1727 737 concludendis

95 770 219 809 soliti
253 781 412 809 sumus
448 769 703 809 convocari
737 774 782 808 et
821 769 1117 819 congregari.
1134 769 1464 808 :Asserentes
1491 781 1576 809 nos
1612 769 1645 806 ἃ
1681 770 1724 809 in

94 841 300 892 presenti
322 840 535 891 Capitulo
559 846 603 880 et
630 839 1009 890 Congregatione
1038 839 1262 890 majorem
1289 845 1333 879 et
1362 840 1596 879 saniorem
1624 852 1727 892 par-

95 918 187 951 tem
209 912 543 951 canonicorum
565 910 686 950 dicte
707 910 915 950 Ecclesie
938 910 1213 949 idoneorum
1241 916 1285 949 et
1312 910 1637 951 sufficientium
1668 912 1723 950 ad

94 981 358 1034 hujusmodi
380 982 739 1021 instrumentum
759 980 1026 1019 faciendum
1050 986 1094 1019 et
1117 980 1397 1020 firmandum
1414 992 1469 1020 ac
1487 982 1725 1031 negotium

96 1053 443 1104 infrascriptum
464 1052 848 1104 pertractandum
869 1056 913 1091 et
935 1051 1307 1091 concludendum
1329 1063 1490 1091 omnes
1519 1052 1654 1091 simul
1682 1060 1725 1092 ct

94 1125 335 1165 unanimes
363 1124 639 1174 nemineque
666 1129 877 1162 nostrum
905 1121 1221 1173 discrepante,
1253 1122 1456 1162 scienter
1486 1128 1530 1162 et
1557 1124 1722 1173 gratis,

92 1196 212 1246 vice,
235 1207 352 1235 voce
374 1201 419 1234 et
440 1195 627 1234 nomine
649 1194 791 1234 totius
813 1193 1016 1245 Capituli
1037 1193 1158 1233 dicte
1180 1193 1402 1243 Ecclesie,
1428 1193 1550 1244 quod
1572 1193 1629 1233 ad
1663 1194 1722 1233 in-

92 1267 243 1306 vicem
265 1266 381 1306 uniti
401 1271 800 1317 representamUS,
826 1264 1101 1304 confitemur
1129 1270 1172 1304 et
1202 1264 1248 1304 in
1275 1264 1474 1304 veritate
1502 1276 1726 1315 recogno>

93 1337 266 1377 scimus
292 1336 427 1376 vobis
453 1336 578 1376 111.ῙΪΙΟ
609 1335 812 1375 Domino
839 1335 1008 1388 Joanni
1035 1335 1091 1374 de
1119 1335 1294 1385 Borgia
1323 1335 1444 1375 Duci
1473 1335 1653 1375 Gandie
1682 1343 1726 1375 et

93 1408 228 1448 vobis
244 1408 307 1447 Ill.
324 1408 332 1434 1'
350 1407 549 1447 Domine
561 1407 814 1446 Francisce
831 1406 886 1446 de
897 1405 1064 1446 Castro
1082 1412 1126 1446 et
1144 1406 1199 1446 de
1217 1405 1357 1446 Pinos
1371 1405 1662 1457 conjugibus,
1677 1408 1724 1446 li-

93 1486 164 1519 cet
187 1478 470 1528 absentibus,
494 1483 543 1517 ut
564 1478 873 1528 presentibus,
893 1482 937 1516 et
957 1477 1142 1527 vestris,
1168 1477 1305 1528 quod,
1330 1489 1414 1529 per
1440 1489 1606 1517 manus
1631 1477 1706 1517 Ma

90 1549 226 1601 gistri
246 1548 574 1600 Christophori
601 1548 881 1588 Hernandez
908 1547 1069 1587 famuli
1095 1547 1262 1598 vestri,
1294 1547 1488 1588 dedistis
1515 1555 1559 1588 et
1587 1549 1724 1588 solvi—

90 1621 173 1661 stis
192 1620 326 1660 nobis
346 1632 523 1671 nosque
545 1632 571 1659 a
593 1619 1002 1659 Dominationibus
1023 1619 1194 1659 vestris
1216 1619 1464 1659 habuimus
1486 1625 1530 1660 et
1552 1621 1724 1672 recepi-

89 1703 190 1732 mus
210 1697 368 1731 nostre
391 1689 654 1731 omnimode
675 1690 904 1730 voluntati
925 1690 1115 1729 realiter
1135 1690 1425 1730 numerando
1444 1702 1605 1730 omnes
1622 1691 1728 1730 illas

88 1767 270 1803 centum
291 1766 335 1802 et
356 1763 507 1802 decem
529 1766 572 1802 et
594 1765 694 1801 octo
726 1761 876 1800 lz‘hms
903 1767 1086 1801 monete
1113 1761 1342 1812 regalium
1369 1761 1586 1802 Valentie
1608 1774 1724 1815 quas

87 1834 219 1874 nobis
240 1839 284 1873 et
306 1833 430 1874 dicto
451 1838 612 1873 nostro
635 1832 850 1883 Capitulo
872 1831 1230 1872 Dominationes
1251 1838 1409 1872 vestre
1430 1831 1657 1873 dederunt
1678 1840 1721 1873 et

88 1905 393 1955 tradiderunt,
417 1916 498 1944 seu
518 1903 676 1943 verius
698 1903 799 1942 dari
821 1909 865 1942 et
886 1903 1009 1943 tradi
1027 1902 1267 1954 jusserunt
1287 1909 1331 1943 et
1352 1903 1649 1955 mandarunt,
1670 1911 1722 1944 ut

87 1975 213 2027 ipsis,
236 1987 318 2027 per
338 1987 424 2015 nos
445 1981 489 2014 et
511 1974 686 2014 dictum
707 1973 971 2025 Capitulum
993 1974 1301 2013 smercientur
1322 1973 1369 2013 in
1396 1974 1510 2014 locis
1536 1974 1647 2014 tutis
1677 1981 1721 2014 et

87 2047 263 2087 securis
284 2052 328 2086 et
348 2058 407 2086 ex
427 2045 682 2086 redditibus
704 2045 803 2084 sive
826 2056 885 2084 ex
905 2056 1131 2096 processu
1152 2056 1307 2084 annuo
1336 2044 1607 2084 earumdem
1638 2057 1720 2096 per

85 2129 169 2157 nos
196 2124 239 2157 et
267 2117 442 2157 dictum
470 2116 735 2168 Capitulum
762 2115 998 2155 faciantur
1026 2121 1070 2155 et
1098 2116 1422 2166 compleantur
1451 2127 1612 2155 omnes
1643 2116 1719 2155 ille

84 2201 159 2229 res
178 2189 251 2241 pie
273 2200 360 2239 que
381 2200 465 2240 per
486 2187 845 2227 Dominationes
866 2193 1051 2226 vestras
1072 2185 1260 2226 fuerunt
1282 2186 1328 2225 in
1358 2186 1482 2226 dicta
1505 2186 1718 2227 Ecclesia

85 2260 139 2300 de
159 2272 282 2300 novo
305 2259 528 2308 institute,
554 2264 602 2298 ut
624 2257 882 2298 efficiantur
903 2269 1010 2297 cum
1031 2257 1156 2297 omni
1177 2257 1347 2297 effectu
1370 2256 1575 2308 quolibet
1597 2270 1723 2297 anno-

85 2336 128 2370 et
147 2337 370 2383 perpetuo
394 2331 440 2370 in
460 2329 716 2370 festivitate
738 2328 1033 2369 Sanctissimi
1062 2327 1357 2368 Sacramenti
1383 2329 1720 2380 preciosissimi

84 2401 303 2454 Corporis
325 2401 516 2441 Domini
538 2400 687 2440 nostri
706 2399 985 2452 Jesuchristi
1006 2405 1049 2439 et
1071 2399 1118 2438 in
1134 2399 1378 2439 octavario
1400 2398 1521 2439 dicte
1542 2399 1717 2439 festivi-

83 2473 204 2512 tatis.

160 2542 335 2593 Quibus
356 2542 570 2583 omnibus
590 2553 672 2593 per
693 2552 779 2581 nos
793 2541 989 2581 libenter
1006 2541 1264 2592 acceptatis
1281 2541 1479 2592 obligari
1499 2542 1721 2581 Volumus

82 2613 139 2653 ad
158 2613 259 2664 ipsa
279 2613 495 2653 facienda
516 2619 560 2652 et
581 2611 857 2663 complenda
878 2611 1013 2651 annis
1043 2611 1239 2662 singulis
1266 2617 1310 2651 et
1336 2618 1563 2663 perpetuo
1580 2610 1714 2662 juxta

79 2684 245 2724 seriem
266 2690 309 2724 et
329 2690 540 2724 tenorem
561 2682 802 2734 cujusdam
822 2681 1106 2722 Memorialis
1123 2682 1285 2732 lingua
1308 2688 1522 2722 materna
1543 2682 1714 2722 descri-

81 2754 145 2805 pti
163 2755 387 2806 nobisque
407 2754 567 2794 traditi
588 2759 632 2793 et
651 2753 846 2805 perlecti
862 2751 1127 2804 hujusmodi
1147 2752 1641 2793 tenoris.=Memorial
1658 2753 1714 2792 de

81 2826 145 2865 les
173 2825 308 2865 obres
334 2826 434 2877 pies
464 2837 553 2877 que
579 2825 624 2864 lo
652 2824 741 2864 Ill.e
775 2822 923 2864 Senor
943 2822 1083 2863 Duch
1111 2836 1143 2874 y
1175 2824 1221 2862 la
1250 2823 1339 2863 Ill.e
1376 2823 1590 2875 Senyora
1620 2823 1712 2863 Du-

79 2907 221 2947 quesa
247 2895 539 2947 mijerament
561 2895 655 2935 han
683 2894 882 2934 instituit
910 2905 1024 2945 pera
1055 2905 1143 2945 que
1174 2905 1350 2934 cascun
1374 2906 1468 2946 any
1499 2907 1522 2935 e
1552 2906 1712 2946 perpe-

79 2967 301 3006 tualment
323 2978 371 3006 se
392 2966 528 3017 sacen
555 2978 613 3006 en
632 2967 681 3006 lo.
699 2965 775 3005 dia
805 2978 836 3017 y
866 2965 1081 3005 octavari
1112 2964 1185 3004 del
1215 2964 1410 3017 Corpus,
1444 2977 1614 3017 segons
1637 2965 1713 3005 da-

81 3038 174 3078 vall
194 3049 243 3077 se
266 3037 384 3078 dira.
