<?xml version="1.0" encoding="UTF-8"?>
<!DOCTYPE html PUBLIC "-//W3C//DTD XHTML 1.0 Transitional//EN"
    "http://www.w3.org/TR/xhtml1/DTD/xhtml1-transitional.dtd">
<html xmlns="http://www.w3.org/1999/xhtml" xml:lang="en" lang="en">
 <head>
  <title>
</title>
<meta http-equiv="Content-Type" content="text/html;charset=utf-8" />
  <meta name='ocr-system' content='tesseract 3.04.00' />
  <meta name='ocr-capabilities' content='ocr_page ocr_carea ocr_par ocr_line ocrx_word'/>
</head>
<body>
  <div class='ocr_page' id='page_1' title='image "./sanctusfranciscu57borj_0449.png"; bbox 0 0 1969 3293; ppageno 0'>
   <div class='ocr_carea' id='block_1_1' title="bbox 641 248 1725 289">
    <p class='ocr_par' dir='ltr' id='par_1_1' title="bbox 641 248 1725 289">
     <span class='ocr_line' id='line_1_1' title="bbox 641 248 1725 289; baseline -0.006 0"><span class='ocrx_word' id='word_1_1' title='bbox 641 252 846 289; x_wconf 78' lang='lat' dir='ltr'><strong>FRATRES</strong></span> <span class='ocrx_word' id='word_1_2' title='bbox 876 261 931 288; x_wconf 67' lang='grc' dir='ltr'>ΑΟ</span> <span class='ocrx_word' id='word_1_3' title='bbox 959 250 1174 288; x_wconf 66' lang='lat' dir='ltr'>Soaoaas.</span> <span class='ocrx_word' id='word_1_4' title='bbox 1655 248 1725 283; x_wconf 70' lang='lat'>445</span> 
     </span>
    </p>
   </div>
   <div class='ocr_carea' id='block_1_2' title="bbox 120 569 1698 673">
    <p class='ocr_par' dir='ltr' id='par_1_2' title="bbox 120 569 1698 673">
     <span class='ocr_line' id='line_1_2' title="bbox 120 569 1698 606; baseline -0.006 -1"><span class='ocrx_word' id='word_1_5' title='bbox 120 576 350 606; x_wconf 68' lang='lat' dir='ltr'>MAGISTER</span> <span class='ocrx_word' id='word_1_6' title='bbox 378 575 639 603; x_wconf 79' lang='lat' dir='ltr'>MONTESIAE</span> <span class='ocrx_word' id='word_1_7' title='bbox 668 574 839 602; x_wconf 81' lang='lat' dir='ltr'>PETRUS</span> <span class='ocrx_word' id='word_1_8' title='bbox 867 572 1123 601; x_wconf 73' lang='lat' dir='ltr'>LUDOVICUS</span> <span class='ocrx_word' id='word_1_9' title='bbox 1151 571 1400 599; x_wconf 72' lang='lat' dir='ltr'>GALCERAN</span> <span class='ocrx_word' id='word_1_10' title='bbox 1424 571 1483 598; x_wconf 83' lang='lat' dir='ltr'>DE</span> <span class='ocrx_word' id='word_1_11' title='bbox 1514 569 1698 602; x_wconf 68' lang='lat' dir='ltr'>BORGIA,</span> 
     </span>
     <span class='ocr_line' id='line_1_3' title="bbox 623 644 1200 673; baseline -0.005 -1"><span class='ocrx_word' id='word_1_12' title='bbox 623 645 827 673; x_wconf 85' lang='lat' dir='ltr'>MARCHIO</span> <span class='ocrx_word' id='word_1_13' title='bbox 859 645 920 672; x_wconf 83' lang='lat' dir='ltr'>DE</span> <span class='ocrx_word' id='word_1_14' title='bbox 951 644 1200 672; x_wconf 63' lang='lat' dir='ltr'>NAVARRES</span> 
     </span>
    </p>
   </div>
   <div class='ocr_carea' id='block_1_3' title="bbox 92 841 1735 1326">
    <p class='ocr_par' dir='ltr' id='par_1_3' title="bbox 92 841 1735 1326">
     <span class='ocr_line' id='line_1_4' title="bbox 176 841 1730 899; baseline -0.006 -11"><span class='ocrx_word' id='word_1_15' title='bbox 176 848 400 899; x_wconf 76' lang='lat' dir='ltr'>Magister</span> <span class='ocrx_word' id='word_1_16' title='bbox 422 846 694 897; x_wconf 87' lang='lat' dir='ltr'>Montesiae,</span> <span class='ocrx_word' id='word_1_17' title='bbox 719 846 796 896; x_wconf 91' lang='lat' dir='ltr'>qui</span> <span class='ocrx_word' id='word_1_18' title='bbox 817 857 844 885; x_wconf 88' lang='lat' dir='ltr'>a</span> <span class='ocrx_word' id='word_1_19' title='bbox 864 851 1019 896; x_wconf 86' lang='lat' dir='ltr'>patre,</span> <span class='ocrx_word' id='word_1_20' title='bbox 1043 843 1179 883; x_wconf 87' lang='lat' dir='ltr'>tertio</span> <span class='ocrx_word' id='word_1_21' title='bbox 1203 842 1416 882; x_wconf 87' lang='lat' dir='ltr'>Gandiae</span> <span class='ocrx_word' id='word_1_22' title='bbox 1447 841 1599 890; x_wconf 90' lang='lat' dir='ltr'>Duce,</span> <span class='ocrx_word' id='word_1_23' title='bbox 1626 841 1730 880; x_wconf 86' lang='lat' dir='ltr'>hae-</span> 
     </span>
     <span class='ocr_line' id='line_1_5' title="bbox 98 912 1729 969; baseline -0.006 -9"><span class='ocrx_word' id='word_1_24' title='bbox 98 919 320 960; x_wconf 89' lang='lat' dir='ltr'>reditario</span> <span class='ocrx_word' id='word_1_25' title='bbox 337 917 439 969; x_wconf 87' lang='lat' dir='ltr'>jure</span> <span class='ocrx_word' id='word_1_26' title='bbox 462 917 684 969; x_wconf 81' lang='lat' dir='ltr'>oppidum</span> <span class='ocrx_word' id='word_1_27' title='bbox 706 916 1020 967; x_wconf 77' lang='lat' dir='ltr'>ditionemque</span> <span class='ocrx_word' id='word_1_28' title='bbox 1042 915 1097 954; x_wconf 92' lang='lat' dir='ltr'>de</span> <span class='ocrx_word' id='word_1_29' title='bbox 1118 914 1379 963; x_wconf 86' lang='lat' dir='ltr'>Navarres,</span> <span class='ocrx_word' id='word_1_30' title='bbox 1412 913 1459 952; x_wconf 91' lang='lat' dir='ltr'>in</span> <span class='ocrx_word' id='word_1_31' title='bbox 1486 912 1729 964; x_wconf 77' lang='lat' dir='ltr'>provincia</span> 
     </span>
     <span class='ocr_line' id='line_1_6' title="bbox 98 983 1731 1039; baseline -0.006 -9"><span class='ocrx_word' id='word_1_32' title='bbox 98 990 357 1039; x_wconf 84' lang='lat' dir='ltr'>valentina,</span> <span class='ocrx_word' id='word_1_33' title='bbox 381 988 504 1029; x_wconf 87' lang='lat' dir='ltr'>haud</span> <span class='ocrx_word' id='word_1_34' title='bbox 526 989 663 1039; x_wconf 91' lang='lat' dir='ltr'>longe</span> <span class='ocrx_word' id='word_1_35' title='bbox 695 988 752 1027; x_wconf 87' lang='lat' dir='ltr'>ab</span> <span class='ocrx_word' id='word_1_36' title='bbox 773 987 886 1027; x_wconf 89' lang='lat' dir='ltr'>urbe</span> <span class='ocrx_word' id='word_1_37' title='bbox 917 985 1180 1035; x_wconf 86' lang='lat' dir='ltr'>Setabensi,</span> <span class='ocrx_word' id='word_1_38' title='bbox 1206 989 1474 1035; x_wconf 88' lang='lat' dir='ltr'>acceperat,</span> <span class='ocrx_word' id='word_1_39' title='bbox 1509 996 1533 1023; x_wconf 85' lang='lat' dir='ltr'>a</span> <span class='ocrx_word' id='word_1_40' title='bbox 1561 983 1731 1033; x_wconf 82' lang='lat' dir='ltr'>Philip-</span> 
     </span>
     <span class='ocr_line' id='line_1_7' title="bbox 99 1053 1734 1113; baseline -0.005 -12"><span class='ocrx_word' id='word_1_41' title='bbox 99 1073 156 1113; x_wconf 88' lang='lat' dir='ltr'>po</span> <span class='ocrx_word' id='word_1_42' title='bbox 176 1061 213 1101; x_wconf 86' lang='grc' dir='ltr'>ΙΙ</span> <span class='ocrx_word' id='word_1_43' title='bbox 234 1060 362 1111; x_wconf 89' lang='lat' dir='ltr'>Rege</span> <span class='ocrx_word' id='word_1_44' title='bbox 384 1060 658 1099; x_wconf 84' lang='lat' dir='ltr'>honestatus</span> <span class='ocrx_word' id='word_1_45' title='bbox 689 1064 759 1098; x_wconf 92' lang='lat' dir='ltr'>est</span> <span class='ocrx_word' id='word_1_46' title='bbox 787 1058 920 1097; x_wconf 91' lang='lat' dir='ltr'>titulo</span> <span class='ocrx_word' id='word_1_47' title='bbox 942 1055 1240 1096; x_wconf 73' lang='lat' dir='ltr'>Marcln&#39;om&#39;s</span> <span class='ocrx_word' id='word_1_48' title='bbox 1268 1056 1323 1094; x_wconf 79' lang='lat' dir='ltr'>de</span> <span class='ocrx_word' id='word_1_49' title='bbox 1350 1055 1616 1094; x_wconf 69' lang='lat' dir='ltr'>chvarres.</span> <span class='ocrx_word' id='word_1_50' title='bbox 1648 1053 1734 1093; x_wconf 85' lang='lat' dir='ltr'>Pu-</span> 
     </span>
     <span class='ocr_line' id='line_1_8' title="bbox 100 1124 1735 1182; baseline -0.006 -10"><span class='ocrx_word' id='word_1_51' title='bbox 100 1133 270 1172; x_wconf 89' lang='lat' dir='ltr'>blicum</span> <span class='ocrx_word' id='word_1_52' title='bbox 297 1131 433 1182; x_wconf 86' lang='lat' dir='ltr'>hujus</span> <span class='ocrx_word' id='word_1_53' title='bbox 460 1130 526 1170; x_wconf 91' lang='lat' dir='ltr'>rei</span> <span class='ocrx_word' id='word_1_54' title='bbox 556 1129 874 1169; x_wconf 91' lang='lat' dir='ltr'>testimonium</span> <span class='ocrx_word' id='word_1_55' title='bbox 905 1139 933 1167; x_wconf 87' lang='lat' dir='ltr'>a</span> <span class='ocrx_word' id='word_1_56' title='bbox 968 1127 1097 1178; x_wconf 90' lang='lat' dir='ltr'>Rege</span> <span class='ocrx_word' id='word_1_57' title='bbox 1127 1127 1364 1177; x_wconf 90' lang='lat' dir='ltr'>signatum</span> <span class='ocrx_word' id='word_1_58' title='bbox 1399 1131 1468 1165; x_wconf 93' lang='lat' dir='ltr'>est</span> <span class='ocrx_word' id='word_1_59' title='bbox 1504 1124 1735 1164; x_wconf 76' lang='lat' dir='ltr'>Bruxellis</span> 
     </span>
     <span class='ocr_line' id='line_1_9' title="bbox 97 1196 1731 1251; baseline -0.006 -8"><span class='ocrx_word' id='word_1_60' title='bbox 97 1203 188 1243; x_wconf 72' lang='lat' dir='ltr'>20.a</span> <span class='ocrx_word' id='word_1_61' title='bbox 217 1202 434 1243; x_wconf 81' lang='lat' dir='ltr'>Octobris</span> <span class='ocrx_word' id='word_1_62' title='bbox 472 1201 586 1251; x_wconf 80' lang='lat'>1557,</span> <span class='ocrx_word' id='word_1_63' title='bbox 618 1205 983 1251; x_wconf 86' lang='lat' dir='ltr'>asservaturque</span> <span class='ocrx_word' id='word_1_64' title='bbox 1011 1198 1058 1238; x_wconf 90' lang='lat' dir='ltr'>in</span> <span class='ocrx_word' id='word_1_65' title='bbox 1088 1197 1315 1237; x_wconf 83' lang='lat' dir='ltr'>Archivio</span> <span class='ocrx_word' id='word_1_66' title='bbox 1344 1196 1731 1242; x_wconf 85' lang='lat' dir='ltr'>Marchionissae,</span> 
     </span>
     <span class='ocr_line' id='line_1_10' title="bbox 92 1270 824 1326; baseline -0.004 -12"><span class='ocrx_word' id='word_1_67' title='bbox 92 1286 217 1326; x_wconf 51' lang='lat' dir='ltr'>:quae</span> <span class='ocrx_word' id='word_1_68' title='bbox 239 1286 362 1314; x_wconf 87' lang='lat' dir='ltr'>nunc</span> <span class='ocrx_word' id='word_1_69' title='bbox 385 1279 468 1323; x_wconf 87' lang='lat' dir='ltr'>est,</span> <span class='ocrx_word' id='word_1_70' title='bbox 493 1272 548 1312; x_wconf 89' lang='lat' dir='ltr'>de</span> <span class='ocrx_word' id='word_1_71' title='bbox 570 1270 824 1312; x_wconf 87' lang='lat' dir='ltr'>Navarres.</span> 
     </span>
    </p>
   </div>
   <div class='ocr_carea' id='block_1_4' title="bbox 318 1494 1516 1596">
    <p class='ocr_par' dir='ltr' id='par_1_4' title="bbox 318 1494 1516 1596">
     <span class='ocr_line' id='line_1_11' title="bbox 318 1494 1516 1527; baseline -0.005 0"><span class='ocrx_word' id='word_1_72' title='bbox 318 1499 537 1527; x_wconf 81' lang='lat' dir='ltr'>MAGISTRI</span> <span class='ocrx_word' id='word_1_73' title='bbox 568 1497 828 1526; x_wconf 82' lang='lat' dir='ltr'><strong>MONTESIAE</strong></span> <span class='ocrx_word' id='word_1_74' title='bbox 859 1495 1186 1524; x_wconf 82' lang='lat' dir='ltr'>MATRIMONIUM</span> <span class='ocrx_word' id='word_1_75' title='bbox 1217 1495 1308 1522; x_wconf 83' lang='lat' dir='ltr'>CUM</span> <span class='ocrx_word' id='word_1_76' title='bbox 1339 1494 1516 1522; x_wconf 84' lang='lat' dir='ltr'>DOMINA</span> 
     </span>
     <span class='ocr_line' id='line_1_12' title="bbox 688 1567 1159 1596; baseline -0.004 0"><span class='ocrx_word' id='word_1_77' title='bbox 688 1568 935 1596; x_wconf 87' lang='lat' dir='ltr'>ELEONORA</span> <span class='ocrx_word' id='word_1_78' title='bbox 965 1567 1159 1595; x_wconf 83' lang='lat' dir='ltr'>MANUEL</span> 
     </span>
    </p>
   </div>
   <div class='ocr_carea' id='block_1_5' title="bbox 98 1765 1758 3103">
    <p class='ocr_par' dir='ltr' id='par_1_5' title="bbox 98 1765 1749 2463">
     <span class='ocr_line' id='line_1_13' title="bbox 184 1765 1740 1822; baseline -0.005 -10"><span class='ocrx_word' id='word_1_79' title='bbox 184 1773 321 1813; x_wconf 82' lang='lat' dir='ltr'>Anno</span> <span class='ocrx_word' id='word_1_80' title='bbox 353 1772 470 1822; x_wconf 74' lang='grc'>1558,</span> <span class='ocrx_word' id='word_1_81' title='bbox 501 1782 607 1811; x_wconf 92' lang='lat' dir='ltr'>cum</span> <span class='ocrx_word' id='word_1_82' title='bbox 631 1770 727 1822; x_wconf 83' lang='lat' dir='ltr'>jam</span> <span class='ocrx_word' id='word_1_83' title='bbox 757 1769 924 1810; x_wconf 87' lang='lat' dir='ltr'>aetatis</span> <span class='ocrx_word' id='word_1_84' title='bbox 952 1779 1126 1809; x_wconf 89' lang='lat' dir='ltr'>annum</span> <span class='ocrx_word' id='word_1_85' title='bbox 1155 1767 1451 1819; x_wconf 91' lang='lat' dir='ltr'>trigesimum</span> <span class='ocrx_word' id='word_1_86' title='bbox 1482 1765 1740 1806; x_wconf 85' lang='lat' dir='ltr'>Montesiae</span> 
     </span>
     <span class='ocr_line' id='line_1_14' title="bbox 105 1834 1741 1895; baseline -0.006 -10"><span class='ocrx_word' id='word_1_87' title='bbox 105 1845 328 1895; x_wconf 76' lang='lat' dir='ltr'>Magister</span> <span class='ocrx_word' id='word_1_88' title='bbox 351 1844 604 1894; x_wconf 77' lang='lat' dir='ltr'>attigisset,</span> <span class='ocrx_word' id='word_1_89' title='bbox 628 1842 850 1882; x_wconf 76' lang='lat' dir='ltr'>facultate</span> <span class='ocrx_word' id='word_1_90' title='bbox 872 1851 1009 1891; x_wconf 89' lang='lat' dir='ltr'>usus,</span> <span class='ocrx_word' id='word_1_91' title='bbox 1042 1851 1182 1891; x_wconf 90' lang='lat' dir='ltr'>quam</span> <span class='ocrx_word' id='word_1_92' title='bbox 1208 1834 1289 1890; x_wconf 81' lang='lat' dir='ltr'>per</span> <span class='ocrx_word' id='word_1_93' title='bbox 1316 1838 1497 1879; x_wconf 84' lang='lat' dir='ltr'>Bullam</span> <span class='ocrx_word' id='word_1_94' title='bbox 1525 1836 1741 1887; x_wconf 88' lang='lat' dir='ltr'>Augusto</span> 
     </span>
     <span class='ocr_line' id='line_1_15' title="bbox 104 1911 1742 1959; baseline -0.005 -3"><span class='ocrx_word' id='word_1_95' title='bbox 104 1928 262 1956; x_wconf 90' lang='lat' dir='ltr'>mense</span> <span class='ocrx_word' id='word_1_96' title='bbox 287 1915 387 1955; x_wconf 73' lang='lat'>1543</span> <span class='ocrx_word' id='word_1_97' title='bbox 405 1914 568 1955; x_wconf 88' lang='lat' dir='ltr'>Ordini</span> <span class='ocrx_word' id='word_1_98' title='bbox 590 1914 645 1954; x_wconf 92' lang='lat' dir='ltr'>de</span> <span class='ocrx_word' id='word_1_99' title='bbox 662 1912 916 1954; x_wconf 85' lang='lat' dir='ltr'>Calatrava</span> <span class='ocrx_word' id='word_1_100' title='bbox 938 1911 1111 1952; x_wconf 90' lang='lat' dir='ltr'>Paulus</span> <span class='ocrx_word' id='word_1_101' title='bbox 1132 1911 1191 1951; x_wconf 91' lang='lat' dir='ltr'>III</span> <span class='ocrx_word' id='word_1_102' title='bbox 1213 1914 1527 1959; x_wconf 74' lang='lat' dir='ltr'>concesserat,</span> <span class='ocrx_word' id='word_1_103' title='bbox 1546 1918 1742 1948; x_wconf 74' lang='lat' dir='ltr'>uxorem</span> 
     </span>
     <span class='ocr_line' id='line_1_16' title="bbox 98 1978 1743 2034; baseline -0.006 -6"><span class='ocrx_word' id='word_1_104' title='bbox 98 1987 236 2027; x_wconf 28' lang='lat' dir='ltr'>*duxit</span> <span class='ocrx_word' id='word_1_105' title='bbox 257 1987 538 2027; x_wconf 84' lang='lat' dir='ltr'>Eleonoram</span> <span class='ocrx_word' id='word_1_106' title='bbox 558 1984 766 2034; x_wconf 89' lang='lat' dir='ltr'>Manuel,</span> <span class='ocrx_word' id='word_1_107' title='bbox 790 1983 992 2023; x_wconf 90' lang='lat' dir='ltr'>nobilem</span> <span class='ocrx_word' id='word_1_108' title='bbox 1015 1994 1038 2022; x_wconf 92' lang='lat' dir='ltr'>e</span> <span class='ocrx_word' id='word_1_109' title='bbox 1065 1982 1197 2033; x_wconf 85' lang='lat' dir='ltr'>regia</span> <span class='ocrx_word' id='word_1_110' title='bbox 1228 1981 1454 2021; x_wconf 86' lang='lat' dir='ltr'>Lusitana</span> <span class='ocrx_word' id='word_1_111' title='bbox 1478 1979 1655 2020; x_wconf 86' lang='lat' dir='ltr'>familia</span> <span class='ocrx_word' id='word_1_112' title='bbox 1682 1978 1743 2018; x_wconf 94' lang='lat' dir='ltr'>fe-</span> 
     </span>
     <span class='ocr_line' id='line_1_17' title="bbox 105 2050 1740 2109; baseline -0.006 -10"><span class='ocrx_word' id='word_1_113' title='bbox 105 2059 299 2108; x_wconf 89' lang='lat' dir='ltr'>minam,</span> <span class='ocrx_word' id='word_1_114' title='bbox 325 2058 525 2109; x_wconf 85' lang='lat' dir='ltr'>primam</span> <span class='ocrx_word' id='word_1_115' title='bbox 544 2056 739 2097; x_wconf 88' lang='lat' dir='ltr'>Infantis</span> <span class='ocrx_word' id='word_1_116' title='bbox 758 2055 969 2109; x_wconf 88' lang='lat' dir='ltr'>Joannae</span> <span class='ocrx_word' id='word_1_117' title='bbox 1000 2053 1360 2094; x_wconf 87' lang='lat' dir='ltr'>Cubiculariam.</span> <span class='ocrx_word' id='word_1_118' title='bbox 1394 2051 1582 2091; x_wconf 86' lang='lat' dir='ltr'>Putavit</span> <span class='ocrx_word' id='word_1_119' title='bbox 1618 2050 1740 2090; x_wconf 91' lang='lat' dir='ltr'>enim</span> 
     </span>
     <span class='ocr_line' id='line_1_18' title="bbox 103 2121 1738 2183; baseline -0.007 -12"><span class='ocrx_word' id='word_1_120' title='bbox 103 2130 204 2183; x_wconf 85' lang='lat' dir='ltr'>jure</span> <span class='ocrx_word' id='word_1_121' title='bbox 242 2129 514 2170; x_wconf 86' lang='lat' dir='ltr'>facultatem</span> <span class='ocrx_word' id='word_1_122' title='bbox 549 2128 676 2167; x_wconf 89' lang='lat' dir='ltr'>illam</span> <span class='ocrx_word' id='word_1_123' title='bbox 716 2126 905 2167; x_wconf 79' lang='lat' dir='ltr'>extendi</span> <span class='ocrx_word' id='word_1_124' title='bbox 939 2136 1077 2176; x_wconf 88' lang='lat' dir='ltr'>posse</span> <span class='ocrx_word' id='word_1_125' title='bbox 1112 2124 1172 2164; x_wconf 89' lang='lat' dir='ltr'>ad</span> <span class='ocrx_word' id='word_1_126' title='bbox 1206 2123 1465 2163; x_wconf 89' lang='lat' dir='ltr'>Montesiae</span> <span class='ocrx_word' id='word_1_127' title='bbox 1502 2121 1738 2168; x_wconf 85' lang='lat' dir='ltr'>Ordinem,</span> 
     </span>
     <span class='ocr_line' id='line_1_19' title="bbox 108 2192 1748 2253; baseline -0.006 -12"><span class='ocrx_word' id='word_1_128' title='bbox 108 2202 189 2253; x_wconf 92' lang='lat' dir='ltr'>qui</span> <span class='ocrx_word' id='word_1_129' title='bbox 210 2201 267 2241; x_wconf 86' lang='lat' dir='ltr'>ab</span> <span class='ocrx_word' id='word_1_130' title='bbox 292 2199 465 2240; x_wconf 81' lang='lat' dir='ltr'>Ordine</span> <span class='ocrx_word' id='word_1_131' title='bbox 488 2198 544 2238; x_wconf 89' lang='lat' dir='ltr'>de</span> <span class='ocrx_word' id='word_1_132' title='bbox 575 2198 830 2239; x_wconf 83' lang='lat' dir='ltr'>Calatrava</span> <span class='ocrx_word' id='word_1_133' title='bbox 861 2196 1092 2247; x_wconf 85' lang='lat' dir='ltr'>originem</span> <span class='ocrx_word' id='word_1_134' title='bbox 1120 2195 1246 2235; x_wconf 90' lang='lat' dir='ltr'>ducit</span> <span class='ocrx_word' id='word_1_135' title='bbox 1273 2193 1461 2246; x_wconf 87' lang='lat' dir='ltr'>ejusque</span> <span class='ocrx_word' id='word_1_136' title='bbox 1482 2192 1748 2245; x_wconf 82' lang='lat' dir='ltr'>privilegiis</span> 
     </span>
     <span class='ocr_line' id='line_1_20' title="bbox 108 2263 1749 2322; baseline -0.005 -10"><span class='ocrx_word' id='word_1_137' title='bbox 108 2272 291 2312; x_wconf 89' lang='lat' dir='ltr'>fruitur.</span> <span class='ocrx_word' id='word_1_138' title='bbox 324 2271 425 2322; x_wconf 81' lang='lat' dir='ltr'>Quo</span> <span class='ocrx_word' id='word_1_139' title='bbox 461 2269 647 2322; x_wconf 88' lang='lat' dir='ltr'>quidem</span> <span class='ocrx_word' id='word_1_140' title='bbox 683 2269 896 2320; x_wconf 80' lang='lat' dir='ltr'>exemplo</span> <span class='ocrx_word' id='word_1_141' title='bbox 933 2278 1157 2318; x_wconf 88' lang='lat' dir='ltr'>magnam</span> <span class='ocrx_word' id='word_1_142' title='bbox 1194 2266 1489 2317; x_wconf 87' lang='lat' dir='ltr'>amplamque</span> <span class='ocrx_word' id='word_1_143' title='bbox 1523 2263 1749 2314; x_wconf 83' lang='lat' dir='ltr'>Magister</span> 
     </span>
     <span class='ocr_line' id='line_1_21' title="bbox 110 2337 1748 2392; baseline -0.005 -9"><span class='ocrx_word' id='word_1_144' title='bbox 110 2343 185 2383; x_wconf 91' lang='lat' dir='ltr'>hic</span> <span class='ocrx_word' id='word_1_145' title='bbox 212 2342 472 2383; x_wconf 90' lang='lat' dir='ltr'>Montesiae</span> <span class='ocrx_word' id='word_1_146' title='bbox 502 2341 685 2392; x_wconf 89' lang='lat' dir='ltr'>aperuit</span> <span class='ocrx_word' id='word_1_147' title='bbox 716 2340 866 2390; x_wconf 85' lang='lat' dir='ltr'>viam,</span> <span class='ocrx_word' id='word_1_148' title='bbox 898 2345 947 2379; x_wconf 91' lang='lat' dir='ltr'>ut</span> <span class='ocrx_word' id='word_1_149' title='bbox 978 2338 1049 2379; x_wconf 90' lang='lat' dir='ltr'>sui</span> <span class='ocrx_word' id='word_1_150' title='bbox 1075 2337 1264 2378; x_wconf 87' lang='lat' dir='ltr'>Ordinis</span> <span class='ocrx_word' id='word_1_151' title='bbox 1292 2337 1492 2388; x_wconf 84' lang='lat' dir='ltr'>equites,</span> <span class='ocrx_word' id='word_1_152' title='bbox 1523 2341 1748 2387; x_wconf 81' lang='lat' dir='ltr'>quotquot</span> 
     </span>
     <span class='ocr_line' id='line_1_22' title="bbox 110 2409 1461 2463; baseline -0.005 -9"><span class='ocrx_word' id='word_1_153' title='bbox 110 2415 359 2463; x_wconf 83' lang='lat' dir='ltr'>voluerint,</span> <span class='ocrx_word' id='word_1_154' title='bbox 382 2413 631 2453; x_wconf 81' lang='lat' dir='ltr'>voluerunt</span> <span class='ocrx_word' id='word_1_155' title='bbox 652 2417 809 2451; x_wconf 90' lang='lat' dir='ltr'>autem</span> <span class='ocrx_word' id='word_1_156' title='bbox 829 2411 1005 2462; x_wconf 91' lang='lat' dir='ltr'>plures,</span> <span class='ocrx_word' id='word_1_157' title='bbox 1030 2409 1253 2449; x_wconf 89' lang='lat' dir='ltr'>ducerent</span> <span class='ocrx_word' id='word_1_158' title='bbox 1274 2418 1461 2448; x_wconf 79' lang='lat' dir='ltr'>uxores.</span> 
     </span>
    </p>

    <p class='ocr_par' dir='ltr' id='par_1_6' title="bbox 111 2478 1758 3103">
     <span class='ocr_line' id='line_1_23' title="bbox 192 2478 1750 2533; baseline -0.005 -9"><span class='ocrx_word' id='word_1_159' title='bbox 192 2485 354 2532; x_wconf 87' lang='lat' dir='ltr'>Multa,</span> <span class='ocrx_word' id='word_1_160' title='bbox 374 2491 422 2523; x_wconf 91' lang='lat' dir='ltr'>ut</span> <span class='ocrx_word' id='word_1_161' title='bbox 444 2483 651 2523; x_wconf 79' lang='lat' dir='ltr'>validum</span> <span class='ocrx_word' id='word_1_162' title='bbox 671 2482 760 2522; x_wconf 88' lang='lat' dir='ltr'>hoc</span> <span class='ocrx_word' id='word_1_163' title='bbox 776 2481 995 2533; x_wconf 84' lang='lat' dir='ltr'>Magistri</span> <span class='ocrx_word' id='word_1_164' title='bbox 1017 2480 1301 2521; x_wconf 88' lang='lat' dir='ltr'>connubium</span> <span class='ocrx_word' id='word_1_165' title='bbox 1322 2478 1622 2528; x_wconf 82' lang='lat' dir='ltr'>demonstret,</span> <span class='ocrx_word' id='word_1_166' title='bbox 1644 2489 1750 2517; x_wconf 90' lang='lat' dir='ltr'>con-</span> 
     </span>
     <span class='ocr_line' id='line_1_24' title="bbox 111 2548 1752 2607; baseline -0.005 -11"><span class='ocrx_word' id='word_1_167' title='bbox 111 2556 233 2607; x_wconf 89' lang='lat' dir='ltr'>gerit</span> <span class='ocrx_word' id='word_1_168' title='bbox 254 2555 445 2596; x_wconf 79' lang='lat' dir='ltr'>SAMPER</span> <span class='ocrx_word' id='word_1_169' title='bbox 465 2555 512 2594; x_wconf 90' lang='lat' dir='ltr'>in</span> <span class='ocrx_word' id='word_1_170' title='bbox 533 2566 673 2606; x_wconf 87' lang='lat' dir='ltr'>opere</span> <span class='ocrx_word' id='word_1_171' title='bbox 693 2554 914 2593; x_wconf 79' lang='lat' dir='ltr'>Montesa</span> <span class='ocrx_word' id='word_1_172' title='bbox 945 2552 1206 2592; x_wconf 65' lang='lat' dir='ltr'>[lustratia.</span> <span class='ocrx_word' id='word_1_173' title='bbox 1237 2551 1400 2591; x_wconf 85' lang='lat' dir='ltr'>Plures</span> <span class='ocrx_word' id='word_1_174' title='bbox 1430 2556 1587 2589; x_wconf 91' lang='lat' dir='ltr'>tamen</span> <span class='ocrx_word' id='word_1_175' title='bbox 1615 2548 1752 2600; x_wconf 87' lang='lat' dir='ltr'>hujus</span> 
     </span>
     <span class='ocr_line' id='line_1_25' title="bbox 114 2620 1753 2678; baseline -0.005 -11"><span class='ocrx_word' id='word_1_176' title='bbox 114 2626 301 2667; x_wconf 84' lang='lat' dir='ltr'>Ordinis</span> <span class='ocrx_word' id='word_1_177' title='bbox 330 2626 506 2678; x_wconf 84' lang='lat' dir='ltr'>equites</span> <span class='ocrx_word' id='word_1_178' title='bbox 536 2625 852 2666; x_wconf 90' lang='lat' dir='ltr'>conscientiae</span> <span class='ocrx_word' id='word_1_179' title='bbox 884 2622 1083 2664; x_wconf 90' lang='lat' dir='ltr'>stimulis</span> <span class='ocrx_word' id='word_1_180' title='bbox 1117 2622 1289 2674; x_wconf 86' lang='lat' dir='ltr'>agitari</span> <span class='ocrx_word' id='word_1_181' title='bbox 1319 2626 1596 2672; x_wconf 89' lang='lat' dir='ltr'>coeperunt,</span> <span class='ocrx_word' id='word_1_182' title='bbox 1629 2620 1753 2671; x_wconf 88' lang='lat' dir='ltr'>quod</span> 
     </span>
     <span class='ocr_line' id='line_1_26' title="bbox 113 2691 1751 2737; baseline -0.004 0"><span class='ocrx_word' id='word_1_183' title='bbox 113 2696 336 2737; x_wconf 87' lang='lat' dir='ltr'>facultate</span> <span class='ocrx_word' id='word_1_184' title='bbox 357 2702 539 2737; x_wconf 89' lang='lat' dir='ltr'>utentes</span> <span class='ocrx_word' id='word_1_185' title='bbox 561 2696 647 2736; x_wconf 91' lang='lat' dir='ltr'>soli</span> <span class='ocrx_word' id='word_1_186' title='bbox 669 2694 833 2736; x_wconf 90' lang='lat' dir='ltr'>Ordini</span> <span class='ocrx_word' id='word_1_187' title='bbox 854 2695 909 2734; x_wconf 89' lang='lat' dir='ltr'>de</span> <span class='ocrx_word' id='word_1_188' title='bbox 933 2694 1188 2734; x_wconf 86' lang='lat' dir='ltr'>Calatrava</span> <span class='ocrx_word' id='word_1_189' title='bbox 1211 2704 1238 2732; x_wconf 90' lang='lat' dir='ltr'>a</span> <span class='ocrx_word' id='word_1_190' title='bbox 1260 2692 1406 2733; x_wconf 88' lang='lat' dir='ltr'>Paulo</span> <span class='ocrx_word' id='word_1_191' title='bbox 1437 2691 1497 2732; x_wconf 91' lang='grc' dir='ltr'>ΙΙΙ</span> <span class='ocrx_word' id='word_1_192' title='bbox 1526 2703 1751 2731; x_wconf 83' lang='lat' dir='ltr'>concessa</span> 
     </span>
     <span class='ocr_line' id='line_1_27' title="bbox 115 2761 1752 2818; baseline -0.005 -9"><span class='ocrx_word' id='word_1_193' title='bbox 115 2780 287 2809; x_wconf 85' lang='lat' dir='ltr'>uxores</span> <span class='ocrx_word' id='word_1_194' title='bbox 308 2768 563 2818; x_wconf 80' lang='lat' dir='ltr'>duxissent;</span> <span class='ocrx_word' id='word_1_195' title='bbox 588 2778 731 2818; x_wconf 90' lang='lat' dir='ltr'>quare</span> <span class='ocrx_word' id='word_1_196' title='bbox 752 2777 945 2806; x_wconf 89' lang='lat' dir='ltr'>necesse</span> <span class='ocrx_word' id='word_1_197' title='bbox 967 2765 1053 2804; x_wconf 85' lang='lat' dir='ltr'>fuit</span> <span class='ocrx_word' id='word_1_198' title='bbox 1076 2776 1199 2804; x_wconf 91' lang='lat' dir='ltr'>anno</span> <span class='ocrx_word' id='word_1_199' title='bbox 1226 2763 1327 2803; x_wconf 80' lang='lat'>1573</span> <span class='ocrx_word' id='word_1_200' title='bbox 1348 2769 1396 2803; x_wconf 89' lang='lat' dir='ltr'>ut</span> <span class='ocrx_word' id='word_1_201' title='bbox 1417 2763 1513 2803; x_wconf 90' lang='lat' dir='ltr'>bini</span> <span class='ocrx_word' id='word_1_202' title='bbox 1530 2761 1752 2802; x_wconf 86' lang='lat' dir='ltr'>Visitato-</span> 
     </span>
     <span class='ocr_line' id='line_1_28' title="bbox 119 2834 1754 2890; baseline -0.004 -11"><span class='ocrx_word' id='word_1_203' title='bbox 119 2851 193 2879; x_wconf 91' lang='lat' dir='ltr'>res</span> <span class='ocrx_word' id='word_1_204' title='bbox 232 2838 495 2890; x_wconf 88' lang='lat' dir='ltr'>hujusmodi</span> <span class='ocrx_word' id='word_1_205' title='bbox 531 2838 872 2878; x_wconf 85' lang='lat' dir='ltr'>connubiorum</span> <span class='ocrx_word' id='word_1_206' title='bbox 907 2836 1202 2876; x_wconf 81' lang='lat' dir='ltr'>validitatem</span> <span class='ocrx_word' id='word_1_207' title='bbox 1238 2834 1513 2886; x_wconf 84' lang='lat' dir='ltr'>Apostolica</span> <span class='ocrx_word' id='word_1_208' title='bbox 1553 2834 1754 2874; x_wconf 88' lang='lat' dir='ltr'>auctori-</span> 
     </span>
     <span class='ocr_line' id='line_1_29' title="bbox 119 2906 1754 2960; baseline -0.004 -9"><span class='ocrx_word' id='word_1_209' title='bbox 119 2916 213 2950; x_wconf 88' lang='lat' dir='ltr'>tate</span> <span class='ocrx_word' id='word_1_210' title='bbox 251 2910 514 2960; x_wconf 87' lang='lat' dir='ltr'>firmarent,</span> <span class='ocrx_word' id='word_1_211' title='bbox 556 2909 646 2948; x_wconf 90' lang='lat' dir='ltr'>hac</span> <span class='ocrx_word' id='word_1_212' title='bbox 684 2908 782 2948; x_wconf 83' lang='lat' dir='ltr'>nixi</span> <span class='ocrx_word' id='word_1_213' title='bbox 814 2907 998 2948; x_wconf 90' lang='lat' dir='ltr'>ratione</span> <span class='ocrx_word' id='word_1_214' title='bbox 1034 2907 1158 2958; x_wconf 90' lang='lat' dir='ltr'>quod</span> <span class='ocrx_word' id='word_1_215' title='bbox 1191 2906 1506 2946; x_wconf 88' lang='lat' dir='ltr'>recentiorum</span> <span class='ocrx_word' id='word_1_216' title='bbox 1548 2906 1754 2957; x_wconf 89' lang='lat' dir='ltr'>equitum</span> 
     </span>
     <span class='ocr_line' id='line_1_30' title="bbox 121 2977 1755 3031; baseline -0.003 -10"><span class='ocrx_word' id='word_1_217' title='bbox 121 2988 304 3031; x_wconf 87' lang='lat' dir='ltr'>votum,</span> <span class='ocrx_word' id='word_1_218' title='bbox 329 2992 465 3021; x_wconf 89' lang='lat' dir='ltr'>secus</span> <span class='ocrx_word' id='word_1_219' title='bbox 487 2992 542 3020; x_wconf 91' lang='lat' dir='ltr'>ac</span> <span class='ocrx_word' id='word_1_220' title='bbox 563 2985 796 3029; x_wconf 89' lang='lat' dir='ltr'>veterum,</span> <span class='ocrx_word' id='word_1_221' title='bbox 829 2990 922 3019; x_wconf 88' lang='lat' dir='ltr'>non</span> <span class='ocrx_word' id='word_1_222' title='bbox 953 2978 1013 3018; x_wconf 89' lang='lat' dir='ltr'>ad</span> <span class='ocrx_word' id='word_1_223' title='bbox 1041 2983 1319 3030; x_wconf 88' lang='lat' dir='ltr'>perpetuam</span> <span class='ocrx_word' id='word_1_224' title='bbox 1349 2977 1755 3027; x_wconf 73' lang='lat' dir='ltr'>omnimodamque</span> 
     </span>
     <span class='ocr_line' id='line_1_31' title="bbox 119 3049 1758 3103; baseline -0.002 -12"><span class='ocrx_word' id='word_1_225' title='bbox 119 3053 472 3103; x_wconf 86' lang='lat' dir='ltr'>continentiam,</span> <span class='ocrx_word' id='word_1_226' title='bbox 504 3050 586 3091; x_wconf 90' lang='lat' dir='ltr'>sed</span> <span class='ocrx_word' id='word_1_227' title='bbox 607 3049 667 3091; x_wconf 89' lang='lat' dir='ltr'>ad</span> <span class='ocrx_word' id='word_1_228' title='bbox 689 3049 985 3102; x_wconf 89' lang='lat' dir='ltr'>conjugalem</span> <span class='ocrx_word' id='word_1_229' title='bbox 1015 3054 1196 3089; x_wconf 89' lang='lat' dir='ltr'>tantum</span> <span class='ocrx_word' id='word_1_230' title='bbox 1226 3062 1306 3091; x_wconf 91' lang='lat' dir='ltr'>eos</span> <span class='ocrx_word' id='word_1_231' title='bbox 1336 3049 1570 3100; x_wconf 90' lang='lat' dir='ltr'>obligasse</span> <span class='ocrx_word' id='word_1_232' title='bbox 1602 3060 1758 3088; x_wconf 73' lang='lat' dir='ltr'>cense-</span> 
     </span>
    </p>
   </div>
  </div>
 </body>
</html>
