1969 3293
728 112 845 149 Arm
871 121 1134 149 DOCUMENTA
1677 106 1747 143 659

110 218 160 254 -et
180 212 376 253 Concilii
392 211 627 262 generalis
643 210 699 250 de
716 210 894 250 duabus
911 209 1061 259 dictis,
1082 219 1136 247 ac
1153 207 1300 248 Pauli.
1321 206 1365 257 ij.
1385 205 1596 246 similiter
1614 216 1745 256 prae-

114 284 416 324 decessorum
436 288 727 329 nostrorum,
751 281 807 320 de
829 280 967 320 rebus
988 278 1320 319 ecclesiasticis
1347 288 1441 317 non
1468 275 1742 323 alienandis,

114 366 169 395 ac
191 353 434 406 quibusvis
457 353 558 392 aliis
580 350 987 392 constitutionibus
1009 356 1052 389 et
1070 348 1441 389 ordinationibus
1458 346 1743 398 apostolicis,

114 436 201 465 nec
235 436 329 464 non
359 423 606 475 praefatis,
637 428 681 462 et
711 422 812 461 aliis
839 420 1046 461 eiusdem
1076 419 1226 470 Regni
1256 418 1518 469 Valentini,
1552 423 1596 457 et
1623 417 1745 468 jura-

115 501 270 536 mento
292 494 645 534 confirmatione
668 493 927 543 apostolica
950 492 1023 531 vel
1050 491 1217 542 quavis
1247 489 1466 529 firmitate
1494 489 1584 528 alia
1612 488 1745 528 robo-

117 567 232 607 ratis
263 565 474 614 statutis,
505 570 549 604 et
576 563 1013 611 consuetudinibus,
1038 568 1082 602 et
1111 561 1291 612 legibus
1312 560 1656 612 imperialibus,
1690 571 1744 599 ac

114 636 423 689 pragmaticis
444 634 764 675 sanctionibus
784 634 873 673 fori
894 632 1157 684 hujusmodi
1180 638 1224 672 et
1245 630 1677 680 reformationibus,
1705 636 1749 670 ct

115 719 198 760 per
219 706 389 747 Clarae
410 717 505 746 me:
527 705 777 758 Jacobum,
808 711 852 744 ct
883 704 998 743 alios
1029 713 1347 755 quoscumque
1369 700 1575 752 ejusdem
1595 700 1747 751 Regni

114 778 292 830 Reges,
317 783 362 817 et
384 777 431 817 in
451 776 565 816 foris
583 776 717 827 regni
737 774 1003 825 hujusmodi
1024 774 1180 824 editis,
1206 785 1324 824 quae
1346 772 1500 824 quoad
1518 773 1607 812 hoc
1626 783 1746 811 com-

115 854 376 898 mutamus,
407 854 450 888 et
486 847 576 887 illis
609 847 919 897 derogamus,
948 856 1035 885 nec
1069 856 1163 884 non
1197 844 1439 895 quibusvis
1468 843 1746 895 privilegiis,

124 920 330 970 indultis,
355 924 398 959 et
415 919 581 958 litteris
598 917 870 969 apostolicis
892 915 1153 965 Cruciatae,
1177 914 1383 954 fabricae
1406 914 1747 965 quaestoribus,

124 1002 180 1031 ac
201 990 303 1030 foro
335 996 378 1030 et
404 1000 552 1040 regno
579 988 853 1040 praedictis,
892 998 947 1027 ac
982 986 1146 1026 incolis
1182 991 1226 1025 et
1261 985 1605 1025 habitatoribus
1640 985 1751 1025 dicti

120 1061 293 1113 Regni,
318 1072 372 1100 ac
394 1059 634 1112 quibusvis
657 1059 758 1099 aliis
779 1057 1013 1109 personis,
1039 1057 1122 1097 sub
1152 1056 1394 1108 quibusvis
1421 1056 1682 1106 tenoribus,
1706 1062 1750 1095 et

119 1132 281 1173 formis
303 1143 358 1171 ac
380 1131 520 1171 etiam
542 1135 670 1170 motu
691 1129 852 1179 simili,
877 1134 921 1168 et
942 1139 1050 1168 cum
1070 1127 1311 1180 quibusvis
1333 1126 1575 1177 clausulis,
1605 1132 1650 1166 et
1677 1126 1749 1166 de-

120 1203 260 1243 cretis
283 1214 338 1242 ac
360 1202 478 1241 alias
499 1200 845 1252 quomodolibet
867 1199 1125 1249 concessis,
1150 1198 1458 1248 confirmatis,
1484 1203 1528 1237 et
1558 1198 1749 1237 innova-

125 1275 206 1324 tis,
230 1274 397 1325 quibus
419 1272 631 1312 omnibus
653 1277 696 1311 et
717 1270 935 1322 singulis,
959 1276 1004 1310 et
1025 1270 1063 1310 si
1085 1281 1169 1321 pro
1191 1270 1376 1309 illorum
1403 1268 1650 1309 sufficienti
1677 1268 1750 1308 de-

121 1345 368 1396 rogatione
390 1345 446 1384 de
466 1343 556 1383 illis
577 1354 761 1392 eorum,
787 1354 906 1393 quae
927 1341 1036 1381 totis
1066 1341 1305 1381 tenoribus
1335 1340 1576 1392 specialis,
1607 1340 1750 1391 speci-

119 1417 220 1467 fica,
245 1426 486 1467 expressa,
510 1426 566 1454 ac
586 1413 843 1462 individua,
868 1424 924 1452 ac
945 1412 1000 1452 de
1017 1412 1163 1452 verbo
1181 1411 1240 1451 ad
1256 1412 1467 1462 verbum,
1486 1422 1580 1450 non
1597 1416 1751 1450 autem

123 1499 206 1539 per
227 1487 462 1526 clausulas
482 1485 729 1536 generales
749 1484 795 1523 id
817 1484 1124 1534 importantes
1144 1482 1317 1522 mentio
1340 1493 1421 1522 seu
1443 1481 1638 1532 quaevis
1661 1481 1751 1521 alia

121 1557 362 1609 expressio
372 1587 538 1597 ..........
578 1555 638 1596 ad
674 1554 892 1595 effectum
923 1553 1241 1606 praesentium
1274 1553 1560 1605 specialiter,
1599 1558 1643 1592 et
1677 1564 1752 1592 ex-

123 1640 282 1681 presse
305 1629 608 1679 derogamus,
634 1627 803 1677 illaque
825 1625 1003 1676 omnia,
1027 1631 1071 1665 et
1092 1625 1275 1676 singula
1298 1625 1345 1664 in
1366 1630 1592 1675 quantum
1622 1635 1752 1674 prae-

121 1700 329 1741 sentibus
348 1711 429 1739 seu
446 1699 631 1738 illarum
647 1697 833 1737 effectui
850 1696 1095 1736 adversari
1111 1707 1193 1736 seu
1210 1694 1526 1747 praejudicari
1542 1701 1751 1746 possent,

121 1772 311 1812 omnino
341 1770 690 1822 suspendimus,
722 1774 766 1809 et
795 1767 1122 1820 suspendenda
1152 1779 1275 1817 esse,
1307 1773 1351 1807 et
1381 1767 1429 1807 in
1456 1767 1592 1807 dictis
1619 1766 1754 1806 bonis

122 1843 352 1883 adversus
385 1841 672 1893 praemissas
698 1841 962 1880 nullatenus
999 1839 1251 1890 suffragari
1286 1849 1447 1890 posse,
1484 1849 1566 1878 seu
1602 1838 1755 1878 locum

121 1914 294 1954 habere
316 1913 630 1963 decernimus,
662 1911 952 1963 caeterisque
981 1910 1230 1950 contrariis
1251 1910 1640 1961 quibuscumque,
1664 1915 1752 1948 etc.

121 1985 352 2025 Volumus
374 1990 530 2024 autem
551 1983 672 2034 quod
693 1989 767 2033 tn,
797 1994 879 2022 seu
908 1982 1058 2021 dictus
1087 1981 1294 2034 Joannes
1324 1980 1443 2021 filius
1470 1986 1601 2031 tuus,
1633 1986 1755 2031 post-

123 2068 262 2107 quam
283 2055 526 2107 praedicta
545 2055 668 2094 bona
691 2059 970 2104 assequutus
991 2052 1149 2103 fuerit,
1174 2052 1221 2092 in
1243 2052 1443 2092 ecclesia
1464 2051 1630 2091 beatae
1662 2050 1756 2090 Ma-

121 2128 219 2167 riae
252 2126 447 2167 Maioris
480 2126 535 2165 de
571 2125 720 2175 Vrbe,
758 2136 902 2164 unum
928 2124 1227 2175 sepulchrum
1252 2123 1300 2163 in
1327 2135 1417 2174 quo
1449 2134 1642 2174 corpus,
1675 2133 1757 2162 seu

124 2210 230 2238 ossa
252 2197 453 2249 praefati
473 2195 732 2236 Alexandri
752 2194 1132 2246 praedecessoris
1152 2193 1323 2243 nostri,
1347 2199 1392 2233 et
1411 2193 1494 2233 bo:
1514 2204 1587 2232 me
1604 2205 1611 2233 :
1636 2193 1757 2232 Hen-

123 2269 210 2309 rici
230 2268 446 2319 Borgiae,
471 2267 515 2308 S.
540 2267 593 2307 R.
627 2267 680 2307 E.
713 2266 998 2315 Cardinalis,
1030 2251 1284 2305 fratris'tui
1304 2264 1539 2315 germani,
1563 2275 1682 2315 quae
1711 2264 1757 2304 in

126 2339 352 2380 Sacristia
373 2339 603 2379 Basilicae
624 2337 855 2389 Principis
876 2336 1212 2388 Apostolorum
1232 2335 1289 2375 de
1313 2335 1439 2375 Vrbe
1468 2336 1648 2386 sepulta
1676 2346 1756 2374 seu

126 2411 337 2463 deposita
358 2409 696 2459 reconduntur,
721 2414 884 2449 ornate
906 2407 1137 2458 construi,
1161 2412 1205 2447 et
1235 2406 1473 2446 aedificari
1498 2406 1676 2456 facere,
1701 2417 1756 2445 ac

126 2482 174 2522 in
194 2482 316 2521 illius
338 2481 710 2530 constructione,
734 2485 778 2519 et
800 2478 1124 2519 aedificatione
1144 2476 1432 2529 hujusmodi,
1457 2489 1543 2517 nec
1564 2489 1657 2516 non
1679 2488 1756 2516 an-

125 2552 494 2593 niversariorum
516 2557 560 2591 et
583 2551 782 2590 aliorum
807 2550 1074 2589 divinorum
1102 2548 1357 2588 officiorum
1385 2559 1469 2599 pro
1497 2547 1759 2588 Alexandri

126 2622 507 2674 praedecessoris
534 2621 685 2661 nostri
714 2626 758 2660 et
787 2620 979 2660 Henrici
1010 2619 1273 2660 Cardinalis
1289 2618 1641 2671 praedictorum
1662 2618 1756 2658 ani-

126 2705 310 2735 marum
331 2694 500 2743 salute,
524 2703 754 2732 summam
776 2691 900 2731 Mille
921 2696 965 2730 et
986 2690 1358 2741 Quingentorum
1387 2696 1628 2730 scutorum
1655 2690 1759 2729 auri

127 2764 454 2816 exponendam
483 2775 537 2803 ac
566 2774 766 2814 corpora
793 2774 875 2802 seu
902 2772 1008 2801 ossa
1040 2759 1304 2811 hujusmodi
1334 2760 1393 2801 ad
1423 2761 1577 2812 ipsum
1610 2761 1759 2812 sepul-

128 2835 291 2876 chrum
312 2833 568 2875 honorifice
590 2833 759 2873 deferri
779 2832 935 2872 facere
957 2831 1150 2882 debeaS,
1173 2843 1227 2871 ac
1245 2832 1473 2872 tenearis:
1494 2832 1610 2872 alias
1628 2842 1759 2883 prae-

124 2918 234 2947 sens
255 2906 410 2957 gratia
431 2905 610 2945 viribus
632 2910 809 2944 careat.
