1969 3293
709 132 828 169 ALlA
857 143 1117 170 DOCUMENTA
1661 130 1734 167 699

178 227 274 268 Nos
290 239 402 268 vero
416 228 656 279 cupientes
668 229 959 280 praedictam
971 235 1181 269 nostram
1193 229 1403 279 liberam,
1421 234 1730 279 spontaneam

100 305 143 340 et
164 298 521 339 determinatam
542 300 848 350 voluntatem,
873 300 1112 340 decretum
1129 306 1173 340 et
1191 299 1570 340 deliberationem
1590 298 1647 337 ad
1665 304 1730 338 to-

100 371 239 410 talem
259 370 460 409 efectum
478 376 521 409 et
537 370 863 410 executionem
880 370 1131 418 deducere,
1151 376 1195 410 et
1211 371 1424 409 volentes
1440 369 1730 420 praedictam

102 442 255 481 dotem
278 447 321 480 et
343 452 424 480 seu
443 441 589 492 ipsius
609 447 864 481 restantem
886 453 967 481 seu
998 441 1233 481 residuam
1260 440 1566 492 quantitatem
1596 440 1731 479 vobis

102 512 308 562 solvere,
333 512 577 551 restituere
599 517 642 551 et
672 518 884 561 tornare,
916 520 965 551 ut
995 511 1330 563 praediximus,
1363 511 1657 551 decrevimus
1687 517 1732 550 et

102 583 483 631 deliberavimus,
522 583 567 622 in
603 583 805 622 solutum
834 583 1065 622 dictarum
1095 583 1332 623 sexdecim
1360 582 1484 622 mille
1512 582 1731 621 ducenta-

102 665 207 693 rum
229 653 622 705 vigintiquinque
655 654 899 701 librarum,
931 666 988 693 ex
1018 660 1115 693 tota
1146 653 1389 705 praedicta
1419 653 1547 703 dote,
1577 659 1625 692 ut
1656 664 1727 692 su-

100 725 256 776 perius
278 724 452 764 dictum
473 732 557 774 est,
582 723 640 763 ad
662 725 939 764 solvendum
960 725 1250 773 restantium,
1278 724 1502 773 vendere,
1528 724 1735 763 alienare

101 807 156 835 ac
184 801 506 846 transportare
537 794 545 813 ¹
576 795 731 845 vobis,
763 796 886 835 dicto
914 795 1007 835 filio
1030 803 1212 844 nostro,
1236 795 1534 835 medietatem
1554 806 1638 846 pro
1669 795 1731 834 in-

100 866 251 906 diviso
273 868 286 884 ²
317 866 585 917 praedictae
616 866 754 917 foyae
776 865 788 883 ”’
812 878 866 905 ac
889 867 1120 906 Baroniae
1142 866 1198 906 de
1218 866 1431 918 Lombay
1451 872 1495 905 et
1523 867 1733 906 locorum

103 937 451 989 praedictorum
486 936 716 988 ejusdem;
747 937 1064 984 considerato,
1097 943 1145 977 ut
1172 937 1387 988 superius
1416 936 1640 987 diximus,
1670 936 1734 975 di-

104 1014 227 1048 ctam
248 1007 403 1048 dotem
422 1008 565 1048 fuisse
587 1008 851 1059 specialiter
873 1019 927 1047 ac
945 1019 1141 1059 exprese
1159 1019 1298 1059 super
1314 1008 1415 1058 ipsa
1432 1007 1635 1047 Baronia
1653 1007 1734 1047 im-

103 1079 304 1130 positam
326 1085 369 1119 et
391 1086 709 1128 asecuratam,
734 1086 872 1130 pacto
894 1085 1047 1118 tamen
1071 1079 1254 1129 gratiae
1284 1079 1435 1129 ipsam
1461 1077 1734 1118 redimiendi

105 1156 149 1188 et
163 1150 475 1201 recuperandi
491 1150 706 1200 mediate,
726 1158 863 1200 prout
882 1149 1075 1189 inferius
1088 1149 1283 1189 dicetur:
1302 1156 1351 1189 ut
1368 1149 1511 1199 igitur
1528 1160 1582 1188 ea
1599 1160 1734 1200 quae,
1787 1139 1792 1142 ’

105 1227 367 1273 spontanea
389 1222 630 1260 voluntate
648 1253 655 1271 ,
680 1226 724 1260 et
741 1220 922 1270 causis,
943 1220 1204 1260 rationibus
1221 1226 1265 1260 et
1285 1220 1739 1260 considerationibus

105 1293 320 1344 superius
341 1292 620 1343 designatis,
644 1292 800 1332 facere
822 1292 1117 1331 decrevimus
1137 1298 1181 1331 et
1198 1291 1581 1341 deliberavimus,
1601 1302 1738 1331 suum

109 1364 312 1405 debitum
332 1363 566 1403 sorciatur
587 1361 601 1380 4
622 1362 844 1413 efectum,
870 1374 928 1402 ex
950 1369 1078 1402 certa
1100 1362 1296 1402 scientia
1318 1368 1405 1402 etc.
1430 1374 1536 1402 cum
1552 1361 1641 1402 hoc
1658 1373 1739 1413 pu·

103 1436 225 1476 blico
246 1436 555 1474 instrumento
587 1440 683 1483 etc,
707 1434 982 1483 insolutum,
1014 1445 1210 1485 paccam
1240 1431 1254 1451 ⁵
1287 1440 1333 1473 et
1369 1433 1738 1473 satisfactionem

103 1507 336 1547 dictarum
358 1505 595 1545 sexdecim
617 1505 739 1545 mille
761 1505 1071 1545 ducentarum
1087 1505 1259 1556 viginti
1274 1505 1477 1556 quinque
1493 1504 1736 1554 librarum,

104 1589 191 1629 per
211 1589 297 1618 nos
318 1583 367 1617 ut
388 1576 693 1628 praedicitur,
719 1576 777 1616 ad
806 1576 1083 1616 solvendum
1115 1577 1392 1616 restantium
1422 1588 1480 1615 ex
1510 1582 1606 1615 tota
1634 1575 1743 1615 dote

102 1647 343 1700 praedicta
364 1647 549 1695 damus,
575 1647 843 1697 vendimus,
864 1646 1162 1686 concedimus
1178 1659 1232 1686 ac
1249 1646 1489 1686 tradimus
1505 1658 1587 1686 seu
1604 1647 1739 1698 quasi

104 1719 331 1759 tradimus
354 1718 509 1767 vobis,
530 1717 625 1768 jam
648 1718 773 1758 dicto
796 1718 938 1757 nobili
959 1729 1012 1757 ac
1032 1717 1200 1757 dilecto
1224 1717 1485 1757 Franct’sco
1507 1718 1562 1757 de
1583 1717 1738 1768 Borja

104 1789 204 1840 filio
227 1792 393 1829 nostro
416 1789 665 1828 cam'sszbtzo
679 1821 690 1838 ,
710 1795 758 1828 ut
774 1789 934 1829 heredi
952 1789 1186 1829 antedicto
1204 1789 1409 1840 presenti
1431 1795 1475 1828 et
1493 1796 1739 1839 acceptan-

110 1862 166 1912 ti,
190 1872 246 1901 ac
268 1861 408 1900 etiam
431 1859 527 1911 jam
558 1860 682 1900 dicto
713 1866 757 1899 et
789 1860 1002 1911 superius
1033 1859 1272 1899 nominato
1303 1860 1445 1900 nobili
1473 1860 1653 1912 Joanne
1684 1860 1741 1899 de

107 2045 244 2072 decima
263 2052 371 2071 mauu
388 2045 424 2070 in
436 2044 556 2070 liltum
572 2044 694 2070 anni...
711 2044 730 2071 i.
747 2051 785 2070 e.:
800 2044 871 2070 Hoc
886 2044 1052 2077 scriptum
1064 2044 1209 2070 relatum
1223 2048 1272 2070 est
1284 2044 1414 2070 decimo
1426 2044 1498 2070 loco
1511 2045 1559 2076 (ut
1575 2043 1741 2070 decimum

105 2092 385 2127 chirographum)
399 2092 433 2119 in
447 2092 568 2118 librum
585 2099 643 2118 seu
658 2091 857 2118 fasciculum
880 2092 913 2118 in
934 2099 998 2126 quo
1021 2096 1226 2125 regeruntur
1250 2092 1478 2118 instrumenta
1496 2091 1632 2125 jurata,
1653 2098 1741 2118 anno

107 2140 175 2168 1529
189 2141 331 2174 scripta.

159 2187 169 2207 ¹
210 2189 472 2222 transportare,
487 2187 689 2214 transferre.

160 2236 174 2255 Ξ
209 2239 276 2270 pro
292 2236 458 2267 indiviso,
474 2235 628 2262 indivise.
644 2234 779 2261 Dicitur
794 2234 833 2260 de
850 2241 884 2260 re
901 2241 985 2268 quae
1001 2242 1065 2261 non
1080 2234 1192 2261 divisa
1207 2242 1226 2261 a
1247 2235 1400 2268 pluribus
1417 2235 1515 2261 simul
1537 2234 1740 2268 possidetur.

159 2283 174 2303 5
203 2283 325 2318 seyne.
349 2283 444 2317 Foya
459 2283 650 2310 vocabatur
666 2281 807 2315 hispane
831 2281 1003 2315 planities
1014 2281 1207 2316 profunda.
1224 2282 1260 2309 In
1277 2282 1467 2317 hujusmodi
1483 2282 1623 2315 planitie
1638 2281 1740 2308 sitam

105 2330 206 2358 fuisse
222 2330 405 2357 Baroniam
421 2329 575 2365 Lombay
590 2329 706 2363 accipe
723 2337 763 2356 ex
778 2329 968 2361 Escomxo,
986 2330 1005 2356 l.
1023 2336 1096 2363 ΠΗ,
1113 2337 1141 2356 c.
1157 2337 1277 2356 xxvm.
1298 2329 1370 2357 “Va
1385 2337 1444 2356 nos
1460 2329 1628 2357 hallamos
1643 2337 1684 2356 en
1705 2330 1740 2357 la

103 2377 312 2412 descripcion
325 2378 365 2404 de
379 2379 427 2404 los
442 2378 582 2412 pueblos
596 2376 749 2403 situados
761 2380 855 2403 entre
868 2377 898 2403 el
911 2377 1084 2403 barranco
1095 2378 1255 2410 (cavatus
1268 2377 1472 2403 torrentium
1484 2377 1615 2410 cursus)
1627 2377 1666 2403 de
1679 2376 1737 2403 Al·

103 2427 230 2460 gemesi
245 2428 262 2452 6
277 2426 326 2452 rio
342 2426 380 2452 de
397 2425 626 2459 Siete-Aguas
641 2433 661 2460 y
677 2425 709 2451 la
724 2424 838 2451 ribera
854 2424 893 2450 de
914 2424 1038 2457 Jucar,
1055 2432 1117 2458 que
1133 2424 1219 2451 mira
1235 2432 1254 2451 a
1270 2424 1456 2451 Valencia:
1483 2433 1503 2458 y
1519 2426 1539 2451 a
1554 2429 1674 2451 cuatro
1694 2425 1740 2451 le-

104 2480 189 2507 guas
201 2473 289 2500 della
302 2481 323 2508 y
335 2473 394 2499 dos
409 2473 448 2499 de
462 2472 591 2504 Alcira,
607 2479 642 2498 se
658 2471 770 2498 ofrece
783 2471 949 2505 Llombay
961 2472 1140 2498 recostado
1156 2473 1252 2498 sobre
1270 2472 1298 2498 el
1314 2472 1413 2499 dicho
1425 2473 1626 2499 barranco...
1639 2472 1691 2499 En
1705 2471 1740 2499 la

106 2520 198 2555 Foya
212 2520 251 2547 de
266 2520 446 2555 Llombay,
461 2524 557 2546 entre
576 2519 707 2553 Alfarjs
722 2527 744 2554 y
759 2518 916 2546 Catadau
932 2526 966 2545 se
979 2519 1165 2546 descubren
1177 2520 1293 2546 ruinas
1304 2519 1342 2546 de
1355 2520 1535 2554 poblacion
1549 2519 1740 2553 antigua.—

105 2568 150 2595 Et
165 2568 287 2595 ibidem
308 2568 341 2595 in
364 2567 583 2594 annotatione
599 2566 693 2593 addit
717 2566 880 2593 Penates:
896 2566 979 2593 “Por
995 2571 1088 2593 estar
1103 2566 1238 2595 situada
1254 2567 1287 2594 la
1303 2567 1387 2594 villa
1402 2567 1441 2593 de
1456 2566 1623 2599 Llombay
1639 2567 1738 2594 sobre

105 2623 170 2642 una
185 2616 275 2642 loma
290 2616 405 2649 (supra
421 2615 551 2647 collem)
568 2614 647 2648 baja
662 2622 684 2649 y
696 2614 789 2641 llana
803 2614 983 2648 (profunda
999 2619 1031 2640 et
1044 2614 1145 2648 plana
1156 2635 1161 2644 ,
1174 2614 1194 2640 i.
1214 2622 1241 2640 e.
1261 2615 1294 2641 in
1309 2614 1476 2648 profunda
1495 2614 1636 2649 planitie
1648 2614 1738 2647 sita),

104 2663 223 2690 refiere
235 2664 268 2690 la
282 2663 450 2690 tradicion
466 2661 627 2695 recogida
641 2666 739 2688 entre
753 2662 803 2688 las
822 2662 969 2688 familias
985 2662 1024 2688 de
1040 2663 1176 2695 aquella
1194 2669 1363 2695 comarca,
1384 2669 1446 2696 que
1466 2663 1516 2689 los
1535 2661 1743 2696 antiguosla

103 2710 344 2738 denominaron
359 2710 569 2741 Llom-baz‘x,
583 2710 722 2736 nombre
737 2714 937 2743 puramente
956 2710 1096 2735 lemosin
1111 2717 1132 2744 y
1146 2701 1316 2743 posterior
1329 2712 1348 2737 a
1361 2711 1411 2737 los
1428 2711 1551 2737 arabes
1567 2711 1586 2736 a
1602 2709 1741 2743 quienes

105 2765 139 2784 se
161 2757 331 2792 atribuye.
346 2756 410 2784 Sus
424 2757 561 2783 laderas
576 2757 627 2782 las
644 2756 776 2782 forman
791 2756 850 2782 dos
866 2756 976 2782 valles
991 2763 1053 2789 que
1070 2763 1190 2782 corrrn
1205 2756 1245 2783 de
1260 2756 1299 2784 N.
1317 2759 1336 2784 a
1352 2756 1385 2784 S.
1411 2765 1451 2784 en
1475 2758 1526 2784 los
1552 2764 1615 2790 que
1641 2764 1676 2783 se
1692 2763 1741 2782 es·

104 2805 216 2832 tiende
231 2805 265 2832 la
285 2804 409 2831 huerta
423 2811 485 2838 que
503 2803 706 2837 comprende
720 2802 802 2830 2500
817 2805 917 2829 areas
933 2802 972 2829 de
988 2803 1096 2829 tierra
1112 2803 1151 2830 de
1168 2805 1253 2830 buen
1267 2804 1409 2838 regadio
1435 2813 1457 2840 y
1471 2804 1572 2831 20.700
1588 2804 1626 2830 de
1643 2804 1740 2837 riego

104 2852 307 2885 eventual.„

157 2900 172 2919 ‘¹
209 2900 401 2931 sorciatur,
415 2897 617 2925 sortiantur.

158 2945 173 2966 5
206 2950 368 2981 pciccam,
381 2945 594 2973 solutionem.
