1969 3293
211 135 286 173 (238
781 132 825 170 S.
853 132 1090 170 FRA-NCISCI
1116 132 1294 170 BoRmA

217 229 448 270 associari
467 230 622 279 vellet,
647 234 691 268 et
713 240 819 268 cum
841 228 1113 280 Catharina,
1131 234 1220 269 uta
1238 229 1528 281 profectione
1549 229 1794 271 desisteret
1810 232 1859 271 in

218 301 509 353 Hispaniam,
541 299 649 351 egit.
680 299 730 339 In
756 300 829 340 his
856 306 901 340 et
929 300 1138 350 Legatus
1165 305 1210 340 et
1236 299 1286 340 P.
1319 300 1603 341 Franciscus
1640 313 1785 353 opera
1812 308 1858 342 et

214 371 415 412 consilio
435 371 631 424 Joannis
651 370 828 422 Borgia
850 370 1101 421 plurimum
1120 370 1386 422 utebantur,
1412 372 1510 423 qui,
1533 371 1597 411 93]ι
1618 372 1691 412 die
1712 372 1860 424 ipsius

220 441 408 492 mensis,
432 440 645 492 Philippo
673 441 1011 493 Hispaniarum
1030 441 1150 493 Regi
1170 442 1426 482 nunciabat
1446 441 1790 494 Sebastianum,
1809 450 1860 484 ut

216 514 278 553 de
309 524 393 553 suo
416 524 521 553 curn
542 512 815 563 Margareta
834 524 860 552 a
880 511 1062 563 Valois‚
1086 511 1349 553 Galliarum
1369 512 1514 565 Regis
1535 524 1722 564 sorore,
1754 526 1861 555 con-

212 584 348 635 jugio
371 589 606 635 ageretur,
631 583 827 623 libenter
848 583 1080 624 assentiri.

585 809 646 837 DE
669 809 851 837 ALTERO
872 809 1060 844 JOANNIS
1081 809 1254 838 BORGIA
1275 809 1494 844 CONJUGIO

302 1009 543 1061 Philippus
564 1010 623 1058 II,
647 1009 985 1062 Hispaniarum
1018 1011 1140 1061 Rex,
1164 1010 1390 1051 Kalendis
1417 1010 1528 1062 Maji
1558 1011 1673 1062 1575,
1697 1010 1866 1064 Joanni

225 1080 397 1133 Borgia
420 1093 447 1121 a
471 1081 730 1133 Legatione
757 1081 1031 1123 Lusitaniae
1061 1082 1228 1123 cedere
1254 1082 1465 1134 permisit
1492 1088 1684 1134 propter
1704 1082 1883 1133 uxoris,

219 1153 476 1193 adversam
496 1153 829 1193 valetudinem.
852 1153 983 1195 Haec
1014 1160 1185 1205 autem,
1216 1154 1378 1206 quinto
1409 1159 1515 1205 post
1545 1164 1719 1205 mense,
1750 1153 1867 1194 scili-

220 1231 312 1275 ·cet,
336 1224 467 1264 initio
490 1223 709 1265 Octobris
729 1224 852 1265 illius
874 1226 999 1276 anni,
1023 1225 1150 1265 obiit.

305 1295 511 1349 Joannes
533 1294 723 1347 Borgia,
747 1295 773 1335 8
793 1295 1081 1348 Septembris
1106 1296 1222 1347 1576,
1247 1296 1307 1336 ad
1333 1296 1508 1336 alteras
1529 1296 1717 1348 nuptias
1745 1302 1868 1337 tran-

225 1367 369 1407 sierat
392 1379 497 1407 cum
518 1367 775 1408 Francisca
792 1368 848 1408 de
864 1368 1079 1419 Aragon‚
1105 1367 1408 1418 Catharinae,
1428 1367 1766 1408 Lusitanorum
1785 1367 1868 1408 Re-

220 1439 385 1490 ginae,
419 1438 718 1479 Cubicularia
744 1451 801 1478 ac
831 1451 944 1491 prae
973 1439 1173 1479 caeteris
1202 1439 1368 1490 chara,
1399 1438 1576 1478 Nunnii
1601 1437 1869 1490 Rodriguez

222 1510 423 1550 Barreto
445 1516 489 1550 et
507 1511 768 1550 Eleonorae
789 1510 846 1550 de
867 1510 1065 1562 Aragon
1089 1509 1098 1529 ¹
1120 1510 1229 1551 filia.

307 1581 520 1632 Quatuor
543 1594 602 1621 ex
624 1582 713 1622 hoc
736 1581 954 1634 conjugio
977 1582 1066 1622 orti
1088 1588 1195 1622 sunt
1215 1581 1314 1633 filii,
1338 1582 1561 1622 videlicet
1582 1593 1590 1621 :

306 1651 344 1692 F
346 1653 607 1703 ranciscus,
630 1652 948 1704 Squilacensis
965 1653 1190 1705 Princeps
1207 1659 1346 1706 atque
1367 1653 1415 1694 in
1435 1653 1638 1693 Peruvia
1655 1652 1868 1693 Pro—rex.

309 1724 346 1764 F
350 1724 653 1775 erdinandus,
676 1723 826 1776 Major
847 1725 1107 1765 Montesiae
1134 1724 1598 1775 Commendatarius,
1631 1723 1873 1764 Valentini

227 1801 273 1835 et
293 1795 639 1847 Aragoniensis
659 1795 933 1847 Regnorum
953 1795 1165 1837 Pro—rex.

309 1866 568 1918 Antonius,
592 1867 640 1906 in
660 1867 886 1919 primaria
908 1867 1136 1908 Toletana
1158 1868 1357 1908 ecclesia
1377 1867 1683 1908 Praecentor.

313 1937 528 1989 Carolus,
553 1938 790 1978 secundus
807 1950 834 1978 a
857 1938 1036 1978 Ficallo
1057 1938 1241 1988 Comes,
1267 1951 1294 1979 a
1309 1938 1665 1980 Villahermosa
1681 1936 1807 1989 Dux,
1831 1943 1875 1977 et

226 2008 447 2061 Supremi
469 2008 525 2049 de
545 2009 818 2050 Lusitaniae
840 2010 1043 2061 negotiis
1064 2009 1258 2051 Consilii
1277 2010 1496 2050 Praeses.

320 2435 371 2476 In
401 2447 511 2488 pag.
544 2435 624 2476 328
649 2437 857 2489 reperies
891 2438 1139 2490 epistolam
1170 2437 1328 2479 Caroli
1362 2438 1561 2490 Borgia,
1594 2437 1639 2478 V
1667 2437 1882 2479 Gandiae

232 2506 400 2558 Ducis,
425 2520 519 2559 qua
546 2508 761 2560 Philippo
789 2508 843 2560 II,
873 2508 1211 2562 Hispaniarum
1237 2509 1379 2562 Regi,
1409 2510 1592 2561 gratias
1612 2509 1711 2561 agit
1738 2509 1798 2550 ob
1818 2509 1879 2549 di-

243 2579 599 2629 spensationem
628 2578 767 2620 Petro
793 2579 983 2632 Borgia,
1015 2580 1172 2621 Caroli
1198 2580 1307 2632 filio,
1340 2580 1518 2621 factam
1546 2579 1738 2632 Lojolae
1772 2580 1882 2621 resi-

234 2649 399 2700 dendi,
423 2650 530 2690 licet
553 2661 659 2690 cum
676 2650 926 2703 Eleonora‚
945 2650 1136 2703 Lojolae
1152 2651 1371 2704 Domina,
1391 2652 1746 2693 matrimonium
1762 2657 1885 2692 esset

241 2726 586 2762 contracturus.
628 2721 778 2773 Nunc,
821 2734 938 2774 quas
976 2722 1142 2763 eadem
1178 2723 1234 2764 de
1268 2734 1413 2763 causa
1449 2723 1657 2776 Joannes
1691 2722 1881 2773 Borgia,

240 2791 502 2832 Eleonorae
524 2798 672 2843 pater,
696 2792 822 2834 dedit
843 2792 962 2845 Regi
983 2793 1188 2846 litteras,
1213 2794 1389 2846 accipe.

296 2950 311 2969 ¹²
348 2948 545 2977 Eleonorae
559 2950 602 2976 de
616 2950 743 2985 llIc'lan,
755 2951 856 2986 juxta
870 2952 965 2980 alios.
