2063 3283
685 232 916 270 APPENDIX
943 233 1039 279 QUA
1046 245 1129 271 RTA
1649 235 1717 273 301

167 329 280 370 Item
300 341 392 369 una
412 329 568 381 paleta
589 329 645 368 de
668 335 850 380 argent:
874 342 987 382 pesa
1009 336 1104 370 tres
1127 336 1302 382 quarts.

166 400 277 440 Item
298 405 461 451 quatre
483 400 757 440 canelobres
778 401 834 441 de
855 407 1041 452 argent:
1065 413 1265 453 pesaren
1291 402 1355 441 sis
1384 403 1592 451 marchs,
1623 408 1718 442 tres

91 482 230 511 onzes
251 483 282 522 y
302 469 425 521 mija.

163 541 277 581 Item
298 553 359 581 un
379 542 535 593 poalet
556 542 612 581 de
633 548 814 593 argent:
839 554 952 594 pesa
974 555 1035 582 un
1057 544 1234 594 march,
1259 543 1323 583 sis
1347 555 1501 583 onzes.

164 664 262 715 Que
284 665 469 716 quidem
490 666 612 706 bona
632 667 821 707 mobilia
842 680 900 707 ex
920 674 1127 719 argento
1157 667 1374 707 confecta
1402 667 1600 718 desuper
1628 666 1719 706 sin-

82 736 306 786 gulariter
328 735 589 787 designata,
614 749 701 788 que
723 744 830 777 sunt
850 738 1071 789 ponderis
1089 739 1135 777 in
1157 750 1289 778 suma
1312 744 1498 778 centum
1514 743 1558 777 et
1574 737 1716 777 trium

83 818 350 847 marcorum
371 813 416 847 et
436 808 572 847 unius
592 808 728 848 uncie
752 809 953 859 argenti,
977 809 1197 859 promitto
1219 809 1354 848 vobis
1377 815 1421 848 et
1447 808 1618 848 vestris
1652 814 1719 848 te-

81 889 193 918 nere
215 878 347 918 adret
368 878 476 929 (sic)
500 886 544 919 et
566 879 716 930 ipsam
745 891 1029 919 conseruare
1046 885 1186 930 prout
1202 891 1324 919 nunc
1348 885 1454 919 sunt
1471 879 1652 919 donech
1670 885 1715 919 et

82 960 321 1001 quousque
343 950 398 990 de
420 951 534 1002 ipsis
551 950 833 1002 judicialiter
854 962 936 990 seu
957 951 1114 990 verius
1135 962 1216 1002 per
1229 950 1433 1001 judicem
1450 956 1715 1001 competen-

81 1026 174 1060 tem
189 1021 249 1060 sit
266 1022 506 1072 provisum
522 1028 567 1061 et
582 1022 870 1062 declaratum
885 1022 1097 1061 omnibus
1114 1021 1422 1061 dilacionibus
1441 1021 1475 1057 δε
1492 1021 1576 1060 sub
1593 1032 1717 1072 pena

81 1091 388 1132 ducentorum
414 1092 695 1132 florenorum
723 1092 758 1129 &
785 1098 889 1132 rato
917 1093 966 1129 δι.
999 1091 1075 1132 Ad
1096 1103 1295 1143 quorum
1326 1091 1532 1131 omnium
1564 1093 1600 1131 δε
1633 1091 1717 1131 fiat

81 1163 350 1202 executoria
379 1175 484 1203 cum
510 1163 600 1203 fori
627 1163 985 1203 submmissione
1014 1169 1058 1203 et
1090 1162 1446 1202 renunciatione
1469 1164 1505 1201 &
1535 1169 1579 1202 et
1611 1174 1717 1202 cum

81 1239 218 1284 pacto
239 1234 518 1274 variationis
534 1234 703 1286 judicis
725 1238 760 1274 &
789 1240 832 1274 et
859 1235 1213 1274 renunciatione
1242 1233 1570 1285 appellationis
1593 1236 1629 1273 &
1658 1246 1717 1273 ex

78 1310 216 1355 pacto
238 1307 273 1343 ἃ
294 1310 339 1344 et
360 1316 465 1345 cum
486 1305 706 1345 clausulis
728 1318 821 1345 non
837 1305 1072 1356 littigandi
1092 1316 1240 1356 neque
1258 1304 1589 1356 impetrandi&
1605 1315 1714 1344 cum

79 1374 338 1420 iuramento
368 1378 404 1415 &
433 1376 518 1415 sub
548 1388 668 1427 pena
696 1382 882 1416 centum
911 1376 1193 1416 florenorum
1223 1378 1259 1415 &
1287 1381 1390 1415 rato
1413 1377 1462 1414 ἃ.
1495 1374 1585 1414 Pro
1615 1376 1716 1426 qui-

78 1446 164 1486 bus
184 1448 220 1485 &
241 1446 501 1497 obligamus
522 1449 558 1486 &
579 1447 767 1487 mobilia
789 1449 825 1486 ἃ
846 1447 1005 1486 habita
1026 1449 1075 1486 ἃ.
1100 1446 1273 1486 Actum
1295 1445 1477 1486 Gandie
1501 1448 1550 1485 &.

158 1517 320 1557 Testes
348 1516 485 1569 hujus
512 1518 579 1557 rei
607 1523 716 1557 sunt
742 1517 1030 1557 honorabilis
1057 1517 1383 1557 Ferdinandus
1404 1516 1460 1556 de
1479 1516 1621 1557 Auila
1643 1529 1714 1557 ra-

76 1588 263 1628 tionalis
284 1588 349 1628 lll.
365 1588 374 1614 i
390 1588 580 1628 Domini
600 1588 747 1629 Ducis
770 1587 951 1629 Gandie
973 1594 1017 1628 et
1036 1588 1243 1641 Joannes
1271 1587 1429 1628 Oliuer
1456 1593 1707 1638 mercator,

79 1658 263 1699 Gandie
284 1659 588 1700 habitatores.

864 1800 929 1841 IV

288 1942 419 1984 DON
447 1942 794 1984 FRANcisco
827 1943 910 1984 DE
931 1943 1127 1996 BORJA
1156 1943 1199 1982 Y
1230 1930 1496 1983 ARAGoN

151 2087 206 2127 El
222 2092 384 2127 cuarto
402 2086 569 2138 Duque
591 2087 647 2126 de
664 2086 849 2127 Gandia
865 2086 941 2126 fue
958 2085 1015 2126 D.
1035 2086 1290 2126 Francisco
1309 2085 1365 2126 de
1382 2085 1522 2137 Borja
1538 2099 1569 2138 y
1585 2086 1706 2126 Ara-

73 2163 166 2209 gon
187 2158 296 2210 (hoy
317 2157 411 2199 San
431 2158 687 2198 Francisco
710 2158 766 2198 de
790 2156 946 2208 Borja)
967 2156 1060 2208 hijo
1078 2157 1134 2197 de
1154 2157 1211 2197 D.
1234 2157 1356 2210 Juan
1373 2157 1429 2197 de
1446 2157 1585 2209 BorJ'a
1601 2170 1633 2209 y
1649 2158 1706 2198 de

73 2228 208 2270 Dona
228 2230 380 2283 Juana
400 2230 456 2269 de
478 2229 687 2280 Aragon.

785 2371 998 2412 CARTA

73 2527 160 2555 DEL
200 2528 294 2555 REY
330 2528 421 2555 DON
458 2528 621 2555 FELIPE
669 2527 717 2555 III
752 2519 784 2554 Ᾰ
816 2527 869 2554 SU
911 2526 1186 2561 EMBAJADOR
1214 2527 1276 2554 EN
1307 2526 1448 2565 ROMA,
1482 2527 1697 2555 PIDIENDO

148 2599 209 2626 LA
238 2589 575 2626 CANONIZACION
603 2598 696 2626 DEL
727 2597 1153 2625 BIENAVENTURADO
1175 2598 1330 2625 PADRE
1356 2597 1606 2626 FRANCISCO
1632 2599 1694 2626 DE

151 2669 306 2704 BORJA.

151 2799 206 2839 El
226 2798 293 2839 Re
335 2829 341 2837 .

148 2812 327 2911 Ilustrg
332 2870 389 2911 D.
412 2870 667 2910 Francisco
697 2869 753 2909 de
782 2869 947 2910 Castro
973 2869 1140 2920 Duque
1167 2869 1223 2909 de
1242 2870 1518 2922 Jaurisano,
1543 2870 1702 2910 Conde

66 2940 123 2981 de
145 2941 334 2992 Castro,
358 2941 431 2981 del
450 2941 514 2981 mi
535 2939 733 2991 Consejo
757 2953 787 2992 y
808 2940 870 2979 mi
891 2939 1172 2991 Embajador
1189 2952 1246 2980 en
1265 2939 1430 2980 Roma.

145 3012 259 3052 Bien
275 3012 427 3052 sabeis
443 3013 488 3052 la
505 3012 715 3062 singular
730 3010 894 3051 estima
909 3023 940 3062 y
957 3010 1184 3051 devocion
1201 3022 1290 3062 que
1306 3011 1701 3051 universalmente
