1969 3293
676 269 807 296 INDEX
837 269 1188 296 DOCUMENTORUM
1674 258 1744 294 839

1627 353 1714 386 l'ags

120 426 190 466 HI.
218 426 452 465 Censurae
474 424 676 464 indictae
698 431 858 464 contra
878 424 1056 475 judices
1081 426 1123 464 in
1154 436 1343 475 causam
1371 424 1537 464 Ditlaci
1567 431 1610 464 et

175 496 372 547 Philippi
396 495 680 546 inquirentes
690 526 1603 535 ...................................
1668 496 1744 535 lot)

121 568 199 608 IV.
225 567 432 606 Ditlacus
453 572 495 605 et
518 566 754 616 Philippus
779 567 822 605 in
847 567 1146 607 Valentinum
1164 578 1357 617 regnum
1377 568 1517 607 vincti
1537 568 1608 606 tle-

174 639 383 678 l‘eruntur
396 666 1604 677 .............................................
1668 639 1745 677 47()
1809 651 1811 653 ’

122 710 327 749 Litterae
350 708 563 758 Magistri
585 708 839 748 lxlomcsiae
859 708 992 748 fratri
1020 721 1103 749 suo
1132 709 1361 760 Philippo.
1383 739 1605 749 .........
1668 709 1743 748 477

127 780 180 820 V.
206 779 370 819 Didaci
393 778 448 817 dc
471 778 607 829 Borja
639 779 915 829 supplicium
929 810 1607 820 ..........................
1671 780 1748 819 478

127 852 327 890 Litterae
349 849 633 889 Ferdinandi
654 849 794 889 Arias
817 850 872 889 de
894 850 1133 890 Saavedra
1157 851 1366 902 Philippo
1390 852 1526 903 Regi.
1547 883 1552 889 .
1571 883 1577 891 .
1599 883 1605 890 .
1671 851 1748 890 479

125 921 202 962 Vl.
240 922 445 961 Litterae
481 920 682 971 Philippi
724 921 759 960 II
802 921 858 960 atl
900 921 1079 961 Ducem
1120 922 1402 970 See-‹Aniene›
1431 930 1474 963 et
1506 925 1613 963 Car-

177 993 325 1033 donae
337 1022 1609 1033 ................................................
1672 994 1751 1033 481)

125 1064 225 1104 VII.
251 1064 471 1113 Litterae,
495 1063 659 1114 quibus
682 1064 727 1102 in
751 1063 941 1103 civitate
964 1076 1018 1103 ac
1049 1065 1251 1104 dioecesi
1275 1065 1523 1105 Valentina
1556 1067 1616 1105 in-

179 1135 439 1184 terdictum,
456 1134 514 1174 ab
528 1134 801 1185 Apostolico
816 1134 986 1174 Nuntio
1001 1135 1252 1184 decretum,
1274 1137 1514 1187 vulgatum
1532 1144 1614 1176 est.
1674 1136 1742 1175 481

129 1205 372 1257 Quomodo
394 1217 443 1245 se
463 1206 610 1256 gessit
631 1205 830 1245 Nuntius
852 1205 1154 1257 Apostolicus
1176 1206 1408 1255 Segoviae
1438 1208 1481 1247 in
1514 1220 1617 1247 cau·

179 1290 230 1318 sa
252 1277 420 1317 Didaci
440 1283 485 1316 et
505 1276 703 1328 Philippi
717 1278 781 1316 tle
812 1277 948 1328 Borja
961 1308 1586 1318 ........................
1600 1273 1612 1318 ⁴.
1676 1279 1753 1318 484

127 1349 205 1389 IX.
230 1349 435 1389 Litterae
456 1348 525 1388 Pii
546 1347 700 1399 Papae
718 1347 779 1388 lv
801 1349 843 1387 in
863 1348 1009 1388 forma
1029 1349 1193 1389 Brevis
1211 1350 1348 1389 datae
1366 1350 1556 1401 Romae,
1576 1351 1619 1391 V

178 1420 354 1471 Aprilis
389 1418 489 1457 1563
500 1449 1613 1461 ........................................
1677 1421 1756 1461 490

126 1491 183 1531 X.
209 1491 414 1530 Litterae
435 1490 648 1541 Magistri
671 1490 927 1531 Montesiae
949 1492 1007 1531 ad
1031 1491 1290 1543 Philippum
1312 1493 1369 1533 ΙΙ.
1388 1525 1394 1532 .
1417 1524 1423 1531 .
1471 1526 1476 1531 .
1498 1524 1503 1531 .
1525 1526 1530 1532 .
1554 1525 1560 1533 .
1579 1526 1585 1532 .
1605 1524 1612 1531 .
1678 1493 1752 1532 491

126 1563 361 1614 Excerpta
384 1561 614 1621 quaedam
636 1574 693 1602 ex
714 1562 762 1602 Ρ.
788 1562 1091 1614 Nieremberg
1098 1594 1614 1603 ....................
1677 1564 1756 1604 492

126 1634 368 1685 Philippus
388 1634 662 1674 Emmanuel
684 1634 739 1674 de
761 1632 898 1685 Borja
920 1640 963 1674 et
985 1636 1150 1674 Castro
1174 1634 1310 1675 Pinos
1319 1666 1614 1676 ............
1678 1635 1756 1675 493

130 1707 334 1746 Litterae
354 1705 553 1757 Philippi
573 1705 611 1746 ΙΙ
628 1705 806 1756 Legato
828 1717 929 1757 suo,
954 1705 1197 1758 Alphonso
1219 1707 1275 1747 de
1305 1708 1482 1748 Tovar.
1502 1741 1508 1747 .
1530 1740 1535 1746 .
1583 1739 1590 1746 .
1609 1740 1615 1747 .
1680 1707 1758 1746 494

128 1779 331 1818 Litterae
352 1777 553 1828 Philippi
573 1777 610 1817 11
632 1777 691 1817 ad
712 1777 1084 1818 Gubernatorem
1100 1778 1249 1829 Regni
1267 1778 1553 1830 Aragoniae,
1575 1788 1621 1819 ut

182 1849 422 1900 Philippus
443 1849 498 1888 de
520 1848 659 1900 Borja
681 1848 870 1900 ejusque
892 1850 938 1889 in
959 1850 1153 1889 crimine
1181 1851 1296 1890 socii
1325 1852 1591 1902 capiantur.
1611 1881 1618 1889 .
1680 1852 1758 1891 495

132 1921 338 1972 Epistola
360 1920 601 1960 Michaelis
622 1919 677 1959 de
700 1920 908 1960 Castelvi
929 1921 987 1960 ad
1009 1921 1270 1972 Philippum
1292 1922 1328 1962 ΙΙ
1341 1953 1618 1961 ...........
1682 1923 1758 1961 497

134 1991 371 2043 Philippus
392 1991 448 2030 cle
469 1989 606 2042 Borja
627 1991 765 2031 exilio
792 1992 1040 2031 mulctatus
1048 2023 1618 2032 .....................
1682 1994 1760 2033 498

134 2063 372 2114 Philippus
393 2063 449 2102 de
472 2061 625 2113 Borja,
649 2062 906 2103 Montesiae
935 2064 1143 2114 claviger
1157 2094 1619 2105 ................
1683 2065 1760 2104 499

134 2136 362 2175 Eleonora
386 2135 441 2174 de
464 2132 603 2184 Borja
625 2140 668 2174 et
690 2133 855 2174 Castro
876 2134 1028 2174 Pinos.
1046 2166 1051 2172 .
1071 2165 1080 2173 .
1100 2165 1132 2172 ..
1155 2166 1160 2172 .
1180 2168 1186 2174 .
1208 2166 1215 2172 .
1234 2166 1241 2172 .
1261 2166 1267 2173 .
1289 2167 1295 2173 .
1316 2169 1318 2173 ,
1342 2168 1348 2173 .
1371 2167 1375 2172 .
1397 2167 1401 2172 .
1424 2168 1429 2173 .
1451 2169 1456 2174 .
1478 2169 1481 2172 .
1503 2169 1507 2175 ,
1532 2169 1536 2173 .
1559 2170 1563 2175 .
1587 2168 1618 2174 ..
1682 2137 1760 2176 499

132 2207 292 2257 Imago
315 2205 516 2246 Sanctae
539 2206 715 2245 Mariae
738 2218 764 2245 a
787 2205 1011 2245 Miraculo
1041 2214 1325 2257 nuncupata.
1345 2239 1351 2245 .
1371 2238 1377 2245 .
1400 2239 1404 2244 .
1426 2240 1431 2244 .
1454 2240 1458 2244 .
1480 2241 1484 2244 .
1505 2239 1511 2245 .
1532 2240 1538 2245 .
1561 2240 1566 2245 .
1586 2239 1591 2246 .
1614 2239 1620 2246 .
1683 2208 1762 2247 500

133 2278 271 2317 Anna
293 2278 349 2317 de
371 2277 507 2328 Borja
530 2283 573 2317 et
596 2277 762 2317 Castro
790 2277 946 2317 Pinos.
1020 2307 1688 2318 ........................
1687 2281 1707 2317 3
1711 2282 1761 2320 (13

135 2349 281 2388 Maria
305 2348 584 2399 Magdalena
607 2349 662 2388 de
684 2347 822 2399 Borja
845 2355 887 2388 et
909 2348 1074 2388 Castro
1096 2349 1247 2388 Pinos.
1266 2382 1270 2386 .
1292 2381 1298 2387 .
1318 2381 1323 2386 .
1345 2384 1347 2386 ,
1372 2381 1620 2390 ..........
1684 2352 1762 2389 silo

138 2420 341 2460 Thomas
363 2420 418 2460 de
441 2419 579 2470 Borja
602 2426 645 2460 et
667 2420 832 2460 Castro
856 2419 992 2460 Pinos
1002 2449 1620 2460 .......................
1684 2422 1760 2461 517

136 2492 204 2532 De
226 2504 397 2542 genere
419 2505 474 2532 ae
495 2492 703 2532 moribus
724 2491 930 2532 Thomae
953 2492 1008 2531 tle
1029 2491 1165 2543 Boi-ja
1179 2521 1620 2532 .................
1684 2494 1761 2533 517

134 2564 440 2604 Diversorum
469 2564 655 2603 testium
677 2570 856 2604 asserta
865 2593 1621 2605 .............................
1685 2566 1764 2605 519

134 2636 386 2675 Francisco
408 2635 557 2686 fratri,
582 2635 813 2685 morienti,
837 2634 1042 2674 Thomas
1063 2634 1118 2674 tle
1138 2633 1273 2685 Borja
1295 2635 1485 2675 adstat..
1505 2668 1512 2675 .
1533 2669 1538 2673 .
1557 2666 1566 2675 .
1585 2668 1592 2676 .
1615 2667 1621 2673 .
1686 2638 1764 2677 520

133 2706 354 2757 Thomas,
397 2707 638 2747 Ecclesiae
676 2707 930 2746 Toletanae
970 2706 1224 2745 canonicus
1264 2712 1307 2746 et
1342 2706 1446 2746 fidei
1482 2707 1629 2759 Inqui-

187 2779 1624 2818 S1t01
1687 2779 1760 2819 521

136 2850 355 2901 Thomas,
385 2850 646 2902 Episcopus
674 2850 1002 2889 Malacitanus.
1022 2881 1028 2888 .
1048 2880 1056 2888 .
1077 2879 1083 2886 .
1104 2880 1111 2887 .
1130 2879 1137 2887 .
1157 2879 1191 2888 ..
1213 2880 1219 2887 .
1239 2880 1246 2887 .
1267 2879 1300 2887 ..
1319 2879 1327 2888 .
1346 2881 1353 2889 .
1374 2880 1381 2887 .
1399 2880 1407 2888 .
1427 2882 1433 2889 .
1455 2882 1461 2888 .
1481 2882 1488 2890 .
1508 2881 1514 2887 .
1537 2883 1539 2886 Α
1687 2851 1762 2890 521

134 2921 356 2972 Thomas
386 2921 784 2973 Archiepiscopus
811 2920 1299 2970 Caesaraugustanus.
1321 2951 1353 2960 ..
1374 2952 1381 2959 .
1401 2953 1407 2960 .
1426 2952 1435 2960 .
1455 2951 1462 2959 .
1481 2953 1488 2959 .
1510 2952 1517 2960 .
1536 2952 1543 2959 .
1563 2952 1570 2958 .
1591 2953 1624 2960 ..
1688 2924 1766 2962 522

138 2993 404 3033 Gratulatio
433 2992 635 3044 Capituli
663 2993 889 3032 ccclesiae
925 2991 1207 3031 cathedralis
1237 3003 1361 3031 novo
1389 2992 1629 3044 Archiepi-

189 3076 544 3115 scopo........
1690 3066 1769 3104 523
