2063 3283
670 262 900 299 APPENDIX
927 261 1114 307 QUARTA
1637 259 1709 296 217
1738 263 1740 265 ’

828 499 960 540 XVII

108 723 111 725 ·
158 714 213 755 ΕΙ
239 713 287 753 14
306 713 363 753 (16
383 713 588 753 Febrero
612 712 668 752 de
693 710 813 762 1458,
838 711 978 751 desde
999 711 1194 762 Benoja,
1220 710 1423 750 Antonio
1451 709 1508 750 de
1534 708 1713 749 Trezzo

81 786 184 826 dice
205 787 232 824 a
252 784 507 824 Francisco
530 781 709 828 Sforza,
733 782 886 833 duque
903 781 959 821 de
982 780 1147 822 Milan:
1179 780 1353 821 “Credo
1373 780 1457 821 che
1475 791 1558 831 per
1571 780 1618 820 la
1633 780 1713 820 via
1734 805 1737 807 >

84 857 128 896 di
148 855 296 896 Roma
317 856 361 894 la
382 854 440 895 V.
465 853 510 894 S.
537 854 607 893 sia
624 853 808 893 avisata
824 864 958 891 como
975 852 1017 891 61
1033 851 1160 903 Papa
1182 852 1242 891 ha
1264 857 1422 891 creato
1443 851 1580 891 Mess.
1601 850 1712 891 Bor-

84 939 181 979 ges,
205 938 288 966 suo
309 931 497 977 nepote,
523 925 805 976 imperatore
836 923 892 963 de
921 922 1345 973 Constantinopoli,
1376 922 1449 962 del
1476 922 1548 962 ch'
1579 923 1620 962 el
1645 921 1715 962 Re

81 1010 138 1038 ne
159 997 219 1037 ha
240 1003 382 1037 avuto
405 996 537 1036 aviso
558 1000 687 1035 certo
710 1006 734 1034 e
756 1005 804 1034 se
825 1005 883 1033 ne
904 1005 928 1033 e
949 993 1058 1043 riso,
1078 999 1193 1042 etc,7
1214 992 1441 1041 (Archivo
1459 992 1514 1033 de
1535 992 1714 1043 Milan.)

825 1242 978 1283 XVIII

628 1435 782 1462 CARTA
813 1434 873 1462 DE
904 1433 1112 1461 ALFONSO
1144 1434 1172 1460 V

165 1638 416 1689 (Archivio
459 1636 644 1677 Storico
680 1636 900 1687 Italiano,
933 1641 1059 1675 tomo
1101 1647 1180 1674 xv.
1196 1633 1534 1674 —Documenti
1560 1643 1642 1683 per
1676 1632 1721 1672 la

88 1710 232 1750 storia
267 1709 387 1750 della
421 1708 596 1748 milizia
630 1707 824 1748 italiana
859 1706 1054 1747 raccolti
1088 1705 1147 1745 da
1183 1705 1313 1746 Gius.
1352 1702 1721 1745 Canestrino-Fi-

87 1792 223 1821 renze
249 1780 382 1830 1851.)

168 1851 269 1892 Rex
291 1851 585 1903 Aragonum,
608 1850 851 1901 utriusque
872 1848 1044 1900 Sicilie,
1070 1854 1158 1888 etc.
1190 1847 1375 1888 Excelsi
1401 1858 1457 1886 ac
1484 1846 1722 1897 magnifici

93 1922 181 1963 viri
202 1923 339 1963 amici
359 1922 508 1962 nostri
528 1921 775 1962 carissimi.
798 1919 933 1972 Quod
957 1920 1091 1960 vobis
1118 1919 1321 1959 maxime
1347 1918 1491 1958 letitie
1517 1917 1726 1959 futurum

90 1994 392 2043 arbitramur,
423 1993 513 2034 viri
540 1993 735 2043 excelsi,
772 2003 938 2044 pacem
965 1993 1085 2031 inter
1111 1990 1333 2031 Iacobum
1359 1989 1650 2029 Piccininum
1679 1994 1726 2030 et

91 2076 311 2105 senenses
332 2065 506 2105 factam
528 2064 852 2115 firmatamque
872 2063 1008 2103 vobis
1037 2062 1285 2102 annuntio:
1314 2072 1401 2112 que
1429 2072 1503 2101 res
1529 2060 1726 2112 proinde

91 2136 251 2187 magni
278 2135 493 2176 facienda
527 2141 616 2186 est,
649 2135 771 2187 quod
802 2146 861 2174 ex
888 2134 1074 2174 illorum
1101 2132 1336 2173 discordia
1370 2132 1550 2183 reliqua
1590 2131 1726 2172 Italia

92 2207 273 2248 solicita
295 2212 339 2247 et
360 2213 518 2247 erecta
537 2206 801 2257 videbatur3
824 2211 922 2245 tum
939 2205 1080 2244 etiam
1097 2205 1155 2244 ad
1172 2203 1544 2255 expedictionem
1561 2208 1726 2243 contra

94 2279 284 2319 turchos
304 2277 626 2330 exequendam
646 2276 905 2329 prepedita.
930 2275 1031 2327 Qua
1049 2275 1104 2315 de
1122 2287 1186 2324 re,
1206 2275 1308 2314 laus
1325 2280 1369 2314 et
1385 2273 1541 2325 gratia
1557 2273 1725 2325 omnis,

91 2355 194 2400 post
214 2348 380 2400 Deum,
403 2348 618 2389 habenda
640 2354 684 2388 et
705 2347 950 2388 referenda
972 2352 1041 2386 est
1062 2345 1242 2385 Kalisto
1270 2344 1478 2397 pontifici
1499 2345 1724 2395 maximo,

94 2421 225 2460 cuius
245 2432 387 2472 opera
409 2426 546 2471 atque
568 2419 814 2471 prudentia
837 2418 1007 2458 bellum
1029 2418 1276 2467 sublatum,
1301 2422 1440 2468 atque
1457 2416 1607 2456 omnis
1627 2421 1725 2456 tan-

94 2491 197 2532 dem
217 2491 350 2532 Italia
369 2497 539 2543 pacata
566 2496 609 2530 et
639 2490 934 2541 tranquillior
964 2488 1128 2529 effecta
1150 2493 1233 2528 est.
1268 2487 1408 2535 Nam,
1438 2487 1545 2527 licet
1572 2486 1619 2526 in
1645 2486 1728 2526 ini-

95 2562 159 2602 tio
181 2562 408 2602 adversus
428 2561 649 2602 Iacobum
670 2572 808 2612 asper
833 2566 878 2600 et
899 2559 1078 2610 rigidus
1105 2558 1315 2610 pontifex
1344 2562 1612 2609 appareret,
1648 2569 1727 2608 po-

94 2638 194 2673 stea
215 2638 371 2673 tamen
393 2633 650 2684 supplicem
670 2632 799 2672 illum
820 2632 1072 2671 clementer
1089 2630 1288 2681 excepit:
1306 2629 1516 2679 miratus,
1536 2634 1584 2668 ut
1602 2627 1727 2668 vide—

97 2709 186 2755 tur,
208 2704 318 2744 boni
339 2704 554 2755 cautique
574 2703 723 2755 patris
744 2702 945 2742 familias
967 2702 1180 2752 officium,
1205 2701 1303 2752 qui,
1327 2706 1376 2740 ut
1399 2700 1516 2740 alios
1545 2711 1572 2739 a
1592 2698 1728 2750 flagi-

98 2775 160 2815 tio
180 2774 426 2824 deterreat,
451 2776 498 2815 in
518 2775 719 2815 filiorum
740 2780 936 2826 peccata
962 2773 1201 2824 aliquanto
1225 2771 1435 2812 severior
1455 2769 1606 2810 videri
1626 2770 1728 2810 vult

94 2850 139 2885 et
158 2846 494 2886 inclementior.
521 2845 622 2897 Qua
645 2846 691 2885 in
716 2857 766 2885 re
788 2845 922 2885 nobis
944 2844 1133 2884 tandem
1155 2842 1381 2882 lenissimi
1407 2848 1545 2893 atque
1568 2841 1726 2880 huma-

94 2916 275 2956 nissimi
308 2917 483 2968 ingenii
501 2916 830 2957 documentum
850 2915 1080 2965 exhibuit,
1104 2914 1214 2954 dum
1247 2925 1296 2953 se
1328 2913 1544 2953 homines
1577 2923 1726 2952 emen-

93 2985 219 3038 dare,
243 2988 396 3039 potius
418 2999 558 3039 quam
578 2987 800 3027 insectari
820 2987 1010 3039 planum
1027 2985 1149 3025 fecit.
1172 2983 1502 3035 Componende
1518 2994 1633 3023 vero
1648 2993 1726 3033 pa—

93 3057 162 3097 cis
180 3058 421 3109 negotium
440 3058 574 3098 nobis
595 3057 917 3106 demandavit;
943 3062 1070 3097 certe
1092 3056 1169 3107 qui
1190 3062 1403 3095 nostrum
1423 3065 1538 3104 erga
1559 3063 1727 3104 pacem
