2063 3283
267 267 350 307 214-
634 269 869 307 Bone-‚mim
895 279 1078 307 FAMILIA
1105 269 1251 307 REGM
1277 269 1525 309 VALENme

266 365 397 419 Papa
431 366 628 407 escribio
663 366 800 406 sobre
827 371 927 406 esto
954 377 1018 406 un
1052 366 1203 407 Breve
1235 367 1280 407 al
1313 366 1435 419 Rey,
1468 381 1500 420 y
1526 369 1570 408 al
1603 368 1667 409 fin
1698 369 1741 410 16
1772 369 1906 411 decia

268 444 395 478 estas
415 437 657 489 palabras:
679 437 826 477 verba
842 447 1011 488 papae:
1029 435 1157 477 Sciat
1177 443 1258 478 tua
1273 437 1509 491 majestaS,
1530 440 1655 492 quod
1673 452 1797 492 papa
1817 441 1906 482 scit

267 508 499 560 deponere
534 518 685 559 reges.
722 507 777 547 El
804 507 907 559 Rey
933 508 974 548 le
1008 508 1278 561 respondio,
1308 522 1339 561 y
1366 510 1411 550 al
1441 510 1505 551 fin
1537 511 1580 552 le
1606 511 1731 552 dice:
1758 512 1907 553 verba

269 580 410 631 regis:
435 578 564 619 Sciat
587 584 667 619 tua
685 577 936 630 Sanctitas,
961 580 1147 631 quando
1170 581 1472 633 voluerimus,
1502 583 1789 634 reperiemus
1811 595 1904 624 mo—

269 651 378 691 dum
399 650 661 701 deponendi
681 649 962 702 pontificem.

967 856 970 860 '
1046 866 1131 906 ΧΠ

345 1078 446 1120 Con
465 1078 600 1119 fecha
627 1078 674 1119 12
694 1079 751 1120 de
772 1079 1040 1120 Diciembre
1062 1078 1118 1119 de
1143 1078 1258 1130 1457,
1290 1078 1476 1120 Calixto
1506 1079 1566 1120 III
1596 1078 1729 1120 decia
1759 1091 1817 1120 en
1846 1089 1909 1119 un

265 1150 418 1190 Breve
440 1154 467 1190 a
487 1151 558 1191 105
580 1151 834 1192 alemanes:

348 1221 468 1263 “Nec
489 1234 576 1263 vos
597 1229 787 1264 moveat
807 1223 865 1263 ab
887 1223 1063 1275 optima
1085 1222 1342 1263 intentione
1363 1222 1402 1263 si
1424 1223 1501 1275 qui
1517 1223 1629 1263 mali
1644 1222 1836 1275 spiritus
1852 1233 1909 1262 ac

264 1294 422 1345 potius
443 1293 718 1345 daemones,
742 1294 949 1335 humana
969 1294 1181 1335 membra
1203 1293 1371 1343 induti,
1398 1299 1581 1334 tentant
1601 1305 1689 1335 vos
1719 1294 1909 1335 turbare

262 1365 481 1417 pessimis
515 1378 679 1406 eorum
712 1366 1114 1406 susurrationibus
1148 1371 1193 1406 et
1224 1365 1490 1418 sophismis.
1527 1365 1648 1406 Nam
1686 1365 1910 1417 quidquid

264 1437 470 1488 undique
504 1438 662 1489 colligi
687 1437 838 1490 potuit
867 1448 927 1477 ex
956 1437 1044 1477 hac
1074 1443 1241 1477 sancta
1272 1436 1483 1477 cruciata
1512 1442 1663 1477 totum
1693 1437 1741 1477 in
1769 1436 1909 1477 confi-

262 1508 430 1549 cienda
452 1515 497 1549 et
519 1509 748 1550 armanda
766 1510 918 1549 classe
939 1514 1101 1549 nostra
1118 1509 1434 1561 exposuimus,
1454 1514 1499 1549 et
1515 1520 1601 1560 pro
1618 1520 1675 1548 ea
1692 1507 1910 1560 augenda

261 1585 308 1620 et
329 1581 683 1621 corroboranda
711 1581 929 1621 continue
958 1581 1237 1632 exponimus
1263 1580 1386 1620 ultra
1413 1579 1631 1632 proprios
1663 1580 1911 1620 thesauros

261 1656 451 1692 nostros
471 1658 516 1692 et
537 1651 785 1704 ecclesiae,
819 1664 937 1704 quos
967 1664 1113 1704 usque
1143 1652 1286 1692 etiam
1315 1651 1375 1691 ad
1405 1651 1689 1691 domesticas
1716 1652 1910 1703 supelle-

262 1722 398 1763 ctiles
418 1723 518 1763 sine
540 1724 634 1764 ulla
655 1724 977 1764 reservatione
998 1724 1045 1764 in
1066 1723 1156 1763 hoc
1178 1734 1295 1775 opus
1316 1722 1642 1773 erogavimus,
1675 1734 1762 1763 nec
1793 1722 1910 1763 desi-

261 1799 388 1834 stere
410 1795 693 1835 intendimus
715 1807 959 1847 quousque
979 1795 1078 1835 vita
1099 1800 1262 1835 nostra
1284 1805 1444 1834 comes
1465 1794 1567 1843 erit,
1590 1794 1747 1846 parati
1767 1794 1910 1834 etiam

261 1866 453 1918 proprio
475 1867 698 1918 sanguini
718 1879 812 1907 non
828 1879 1039 1920 parcere,
1059 1866 1099 1907 si
1120 1878 1225 1907 eum
1241 1878 1326 1918 pro
1344 1865 1614 1906 defensione
1630 1865 1736 1906 fidei
1757 1866 1913 1906 ortho-

258 1938 415 1980 doxae
446 1938 685 1980 effundere
721 1939 958 1991 expediat.
991 1937 1109 1990 Spes
1140 1938 1265 1978 enim
1298 1943 1461 1978 nostra
1497 1938 1731 1978 collocata
1766 1942 1836 1977 est
1867 1937 1914 1978 in

260 2010 378 2062 Deo,
409 2011 487 2063 qui
515 2023 610 2051 non
641 2010 826 2051 deseret
858 2010 1082 2062 populum
1111 2021 1270 2061 suum,
1300 2009 1594 2061 victoriaque
1622 2009 1669 2049 in
1695 2009 1913 2049 manibus

260 2088 331 2122 est
351 2083 391 2123 si
412 2082 673 2123 Christiani
692 2087 963 2134 potentatus
982 2081 1228 2122 nobiscum
1245 2080 1490 2121 conferent
1511 2092 1623 2132 opes
1639 2085 1685 2120 et
1705 2080 1914 2121 subsidia

261 2160 543 2206 opportuna.

343 2225 415 2266 De
437 2226 508 2266 his
532 2232 690 2267 autem
711 2231 756 2267 et
773 2226 877 2266 aliis
894 2225 1250 2266 occurrentibus
1268 2224 1316 2265 in
1334 2223 1540 2265 adventu
1556 2223 1667 2264 dicti
1682 2223 1915 2264 Ludovici

263 2296 440 2338 clarius
467 2303 511 2338 et
541 2298 723 2350 plenius
751 2297 1042 2349 intelligetis,
1081 2296 1156 2337 cui
1182 2302 1422 2348 tamquam
1454 2306 1685 2347 personae
1720 2301 1914 2336 nostrae

263 2368 404 2409 fidem
427 2368 667 2409 indubiam
688 2369 979 2420 praestetis„

1039 2581 1146 2622 XIII

349 2795 505 2836 Desde
527 2795 692 2847 Roma,
717 2796 759 2836 el
785 2795 827 2835 11
852 2794 908 2835 de
927 2795 1064 2849 Junio
1087 2794 1144 2836 de
1169 2794 1283 2847 1458,
1302 2796 1502 2836 escribia
1520 2794 1750 2846 Santiago
1767 2793 1915 2835 Anto-

265 2867 344 2908 nio
367 2867 423 2907 de
444 2868 489 2907 13
518 2867 681 2918 Torre,
707 2866 882 2918 Obispo
905 2867 961 2907 de
982 2866 1205 2916 Modena‚
1229 2869 1257 2907 3
1278 2867 1535 2907 Francisco
1553 2865 1741 2917 Sforza,
1761 2866 1916 2918 duque

267 2939 325 2979 de
346 2938 506 2990 Milan,
531 2939 575 2978 10
598 2938 846 2989 siguiente:
873 2937 959 2978 “Su
981 2936 1211 2978 Santidad
1232 2938 1334 2978 dice
1355 2949 1443 2990 que
1465 2944 1562 2978 este
1581 2938 1713 2978 reino
1736 2937 1809 2988 (de
1825 2936 1920 2977 Na-

267 3009 414 3061 poles)
435 3016 685 3062 pertenece
707 3009 795 3050 313
811 3008 957 3050 Santa
972 3009 1144 3060 Iglesia
1160 3022 1191 3061 y
1208 3013 1235 3050 a
1253 3010 1294 3050 el
1309 3022 1341 3060 y
1358 3013 1385 3049 a
1402 3020 1481 3049 sus
1497 3020 1758 3060 sucesores‚
1780 3021 1812 3061 y
1828 3018 1916 3060 que

268 3081 480 3133 ninguna
502 3081 720 3133 potencia
748 3080 805 3121 de
834 3080 967 3121 Italia
995 3080 1131 3121 debia
1159 3092 1328 3132 querer
1354 3092 1443 3133 que
1469 3082 1511 3122 el
1540 3080 1671 3121 reino
1698 3080 1828 3120 fuese
1859 3079 1916 3120 de
