1969 3293
690 629 771 681 DE
810 629 980 682 FlLIIS
1025 629 1101 682 AC
1146 630 1418 684 FILIABUS

340 803 654 843 FRANCISCI
681 805 907 844 BORGIA
934 804 1009 844 ET
1037 805 1400 844 ELEONORAE
1428 806 1506 844 DE
1535 806 1770 846 CASTRO

314 1051 528 1104 Quinque
554 1064 612 1092 ex
639 1051 728 1092 hoc
755 1051 974 1103 conjugio
1004 1052 1101 1092 nati
1127 1057 1238 1092 sunt
1272 1051 1366 1103 filii,
1400 1052 1639 1103 videlicet,
1672 1052 1871 1093 Carolus

232 1123 458 1176 Joannes,
501 1122 730 1174 Alvarus,
767 1122 1093 1163 Ferdinandus
1128 1129 1172 1163 et
1210 1122 1497 1174 Alphonsus,
1530 1128 1575 1163 et
1609 1123 1730 1164 filiae
1759 1129 1869 1174 tres,

231 1206 412 1246 nempe,
436 1194 691 1246 Elisabeth,
714 1194 899 1248 Joanna
920 1199 964 1234 et
984 1193 1243 1235 Dorothea.
1268 1194 1449 1235 Horum
1471 1195 1720 1246 quemlibet
1741 1195 1871 1235 fami-

231 1266 320 1306 liae
340 1265 658 1306 nobilitandae
678 1265 904 1317 sufficere,
928 1266 1099 1306 Beatus
1119 1265 1325 1318 Joannes
1346 1265 1402 1306 de
1420 1265 1593 1306 Ribera
1612 1266 1866 1307 asserebat.

201 1382 204 1385 ,
230 1335 327 1377 Nec
347 1337 532 1388 mirum,
557 1336 786 1389 siquidem
807 1337 1091 1377 Franciscus
1112 1343 1156 1377 et
1177 1337 1410 1377 Eleonora
1440 1349 1533 1377 non
1561 1337 1712 1377 solum
1731 1338 1870 1378 hone-

230 1408 447 1449 stissimis
481 1409 663 1460 legibus
690 1408 809 1448 filios
843 1408 1050 1463 imbuere
1085 1414 1331 1458 curarunt,
1370 1407 1452 1448 sed
1487 1409 1630 1449 etiam
1663 1409 1868 1449 omnium

228 1481 455 1521 virtutum
477 1480 690 1532 exemplo
711 1486 908 1520 cunctos
922 1480 1101 1520 anteire
1118 1480 1401 1520 domesticos
1418 1480 1712 1531 satagebant.
1731 1480 1868 1521 Prae-

225 1558 357 1592 terea
377 1552 578 1592 filiarum
598 1552 878 1592 institutioni
899 1552 1101 1603 praefuit
1117 1552 1385 1592 Elisabetha
1406 1551 1691 1604 Rodriguez,
1711 1553 1868 1604 singu-

228 1624 341 1664 laris
362 1624 639 1675 prudentiae
660 1623 879 1664 foemina.
902 1623 1128 1663 Filiorum
1149 1635 1263 1664 vero
1284 1624 1594 1675 paedagogus
1615 1624 1700 1664 fuit
1722 1623 1867 1664 Fran-

227 1696 384 1736 ciscus
418 1696 474 1736 de
508 1695 698 1747 Saboya
731 1695 1036 1745 dertusensis,
1073 1695 1148 1735 Vir
1178 1695 1389 1747 apprime
1423 1695 1541 1747 pius,
1579 1696 1657 1747 qui
1684 1695 1791 1736 dein
1820 1697 1867 1736 in

229 1766 464 1807 Societate
491 1766 603 1820 Jesu
633 1773 799 1807 sancto
834 1766 924 1807 fine
952 1766 1143 1818 quievit.
1176 1765 1346 1807 Sedulo
1376 1767 1656 1818 invigilabat
1682 1766 1791 1807 Dux
1817 1774 1868 1807 ut

227 1839 435 1890 quotidie
466 1850 629 1879 omnes
662 1838 761 1890 ers
798 1838 880 1878 filii
908 1849 1066 1878 rerum
1101 1837 1375 1878 coelestium
1407 1838 1723 1889 meditationi,
1761 1850 1866 1879 con-

228 1910 451 1950 scientiae
473 1909 754 1950 discussioni
774 1910 971 1961 piaeque
991 1909 1180 1950 lectioni
1200 1915 1429 1950 vacarent
1449 1915 1508 1960 et,
1531 1921 1590 1950 ne
1617 1910 1734 1950 haec
1766 1922 1866 1962 per-

223 1982 455 2022 functorie
477 1987 835 2034 exequerentur,
871 1994 898 2021 a
919 1981 1115 2033 singulis
1146 1992 1282 2033 quem
1309 1981 1513 2021 maxime
1541 1980 1647 2022 inde
1676 1981 1867 2034 spiritus

227 2053 489 2105 profectum
515 2053 773 2104 haurirent,
804 2053 1094 2105 exquirebat.
1131 2052 1356 2103 Magnam
1383 2052 1524 2092 etiam
1553 2052 1618 2092 eis
1639 2052 1867 2093 librorum

225 2126 411 2177 copiam
433 2125 744 2177 comparavit,
769 2136 1038 2176 omnesque,
1062 2124 1201 2164 Patre
1216 2124 1397 2178 Joanne
1414 2124 1586 2164 Barma
1603 2124 1864 2165 moderato-

227 2209 293 2249 re,
316 2197 641 2249 philosophiae
662 2196 816 2237 studio
839 2208 1032 2248 operam
1048 2202 1299 2236 navarunt.
1324 2195 1647 2247 Eleemosynis
1669 2207 1862 2247 erogan-

225 2268 297 2308 dis
319 2275 368 2309 ut
390 2274 732 2318 assuescerent,
757 2267 946 2319 saepius
967 2267 1072 2307 filiis
1094 2266 1204 2307 Dux
1225 2278 1440 2307 nummos
1467 2267 1736 2318 praebebat,
1761 2279 1862 2307 sua-

225 2340 454 2392 debatque
487 2345 538 2380 ut
572 2351 652 2380 eos
686 2340 733 2379 in
773 2351 1006 2392 pauperes
1038 2339 1365 2390 elargirentur.
1404 2339 1628 2388 Tandem,
1667 2339 1863 2390 singulis

226 2412 545 2463 hebdomadis,
582 2422 704 2452 unus
734 2423 758 2451 e
787 2410 891 2451 filiis
926 2410 1073 2451 Ducis
1104 2410 1459 2462 aegrotantibus
1493 2410 1540 2450 in
1568 2410 1862 2451 xenodochio

222 2482 469 2534 gandiensi
490 2483 788 2523 inserviebat.

573 2715 861 2757 CAROLUS
899 2715 1132 2757 BORGIA
1163 2715 1241 2756 ET
1271 2713 1513 2755 CASTRO

304 2912 424 2952 Natu
444 2913 670 2963 grandior
693 2913 813 2953 inter
834 2914 952 2953 filios
979 2913 1221 2952 Francisci
1249 2912 1421 2962 Borgia
1450 2917 1494 2951 et
1522 2911 1782 2951 Eleonorae
1803 2910 1860 2950 de

223 2982 390 3024 Castro
413 2983 496 3023 fuit
518 2983 729 3033 Carolus,
763 2985 951 3035 quintus
988 2983 1200 3024 Gandiae
1236 2983 1359 3023 Dux.
1392 2981 1502 3033 Ejus
1537 2994 1612 3022 res
1641 2988 1801 3033 gestas
1831 2993 1858 3021 a
