1969 3293
234 222 305 259 476
805 218 849 256 S.
882 218 1118 256 FRANCISCI
1145 219 1319 258 BORG1A

1030 599 1096 640 IV

392 825 592 853 DIDACUS
622 825 680 853 ET
709 826 946 855 PHILIPPUS
980 825 1152 854 BORGIA
1185 826 1340 854 VINCTI
1370 826 1398 854 E
1429 826 1727 856 CASTELLANO

596 896 643 925 IN
672 897 976 925 VALENTINUM
1008 897 1198 925 REGNUM
1228 897 1539 926 DEFERUNTUR

324 1170 409 1210 Die
429 1168 520 1210 24.ξι
541 1168 745 1221 Augusti
771 1169 872 1210 1562
893 1183 952 1210 ex
974 1171 1145 1222 oppido
1169 1170 1339 1210 Corral
1359 1171 1414 1211 de
1434 1170 1724 1221 Almagner,
1741 1170 1889 1212 Fran—

239 1242 368 1282 cisco
391 1242 447 1282 de
474 1241 644 1292 Eraso,
670 1241 747 1293 qui
768 1241 889 1292 Regi
910 1254 938 1282 a
958 1242 1153 1282 secretis
1183 1248 1304 1292 erat,
1338 1242 1457 1282 haec
1486 1242 1665 1283 Doctor
1690 1242 1881 1283 Xuarez

239 1314 375 1364 (unus
397 1325 421 1353 e
443 1312 715 1353 custodibus
736 1313 1020 1363 vinctorum)
1043 1313 1294 1354 scribebat:
1321 1313 1388 1353 “A
1407 1314 1454 1354 13
1475 1313 1623 1354 salida
1643 1314 1699 1354 de
1716 1313 1881 1354 Torre-

235 1384 316 1437 jon
337 1385 392 1425 de
419 1385 620 1425 Velasco
642 1385 683 1424 el
703 1383 890 1425 Sabado
912 1385 968 1425 de
992 1389 1195 1425 manana
1216 1397 1304 1437 que
1326 1397 1372 1425 v.
1402 1397 1463 1425 m.
1493 1396 1567 1425 me
1594 1385 1765 1425 mando
1796 1397 1886 1437 que

239 1456 570 1508 partiesemos,
594 1456 900 1508 queriendolo
924 1455 1080 1507 hacer‚
1107 1457 1228 1507 llego
1249 1468 1310 1496 un
1339 1456 1517 1508 clerigo
1539 1468 1627 1497 con
1648 1457 1792 1497 letras
1813 1456 1887 1497 del

241 1526 425 1567 Nuncio
449 1527 825 1578 excomulgando
846 1527 984 1567 hasta
1004 1528 1075 1567 105
1097 1538 1260 1567 carros
1277 1539 1364 1579 que
1383 1531 1731 1580 acompafiasen
1748 1531 1774 1568 0
1794 1533 1885 1568 tra-

239 1610 386 1649 yesen
410 1597 469 1650 [a]
491 1604 617 1638 estos
638 1598 920 1639 caballeros:
945 1611 977 1650 y
999 1610 1183 1650 aunque
1204 1611 1265 1650 yo
1286 1604 1398 1639 tuve
1425 1610 1619 1639 manera
1649 1609 1766 1650 para
1797 1611 1886 1651 que

240 1682 301 1710 no
323 1682 396 1711 me
418 1670 610 1723 pudiese
631 1669 848 1710 notificas
870 1681 982 1710 cosa
1013 1671 1210 1721 alguna‚
1239 1670 1433 1710 todavia
1464 1676 1606 1722 tengo
1634 1672 1884 1723 escrupulo

241 1741 298 1781 de
314 1742 508 1782 haberla
525 1741 681 1781 tenido
698 1754 729 1793 y
746 1752 820 1781 me
837 1741 1067 1792 abstengo
1085 1754 1142 1782 en
1163 1747 1263 1782 esta
1285 1741 1421 1782 duda.
1433 1774 1450 1790 „
1470 1740 1726 1793 Propterea
1747 1749 1885 1793 rogat

244 1819 293 1854 ut
316 1825 341 1853 a
364 1812 498 1853 Rmo.
522 1812 704 1853 Nuncio
722 1812 952 1852 absolutio
971 1813 1028 1852 ab
1046 1813 1533 1853 excommunicatione
1551 1813 1831 1854 obtineatur.

321 1885 424 1937 Ipse
446 1884 626 1925 Doctor
646 1883 836 1924 Xuarez
856 1883 948 1924 26).ξι
969 1884 1173 1935 Augusti
1202 1896 1261 1924 ex
1291 1895 1416 1936 pago
1448 1884 1728 1924 Vz‘llanueva
1755 1884 1811 1924 de
1839 1884 1887 1924 la

240 1957 368 2009 sara
390 1957 510 1997 haec
530 1956 650 2007 Regi
670 1955 886 2008 Philippo
908 1956 1186 1996 nunciabat:
1213 1955 1362 2007 “Hoy‚
1395 1956 1617 1996 viniendo
1645 1956 1786 1996 d'esde
1817 1955 1881 1996 Si-

238 2036 372 2069 sante
394 2032 421 2069 ίι
443 2034 543 2069 esta
564 2028 700 2079 villa,
723 2028 974 2068 reconocio
996 2029 1037 2068 el
1058 2027 1277 2079 Alguacil
1297 2027 1462 2068 Ricote
1483 2028 1527 2068 al
1549 2028 1709 2068 criado
1732 2028 1889 2067 Fran·

241 2100 360 2140 cl'sco
383 2100 567 2141 Alouso
590 2112 679 2152 que
700 2099 888 2140 llevaba
908 2100 980 2140 135
1002 2106 1162 2140 cartas
1183 2099 1256 2140 del
1277 2098 1480 2140 Maestre
1501 2111 1618 2151 para
1638 2099 1745 2139 Don
1771 2099 1809 2139 F
1812 2099 1887 2139 eli-

240 2184 297 2224 pe
321 2171 330 2191 ¹
353 2185 384 2224 y
405 2183 522 2224 para
546 2170 833 2223 Sepzilveda.
858 2170 1124 2223 Sepulveda
1146 2182 1196 2211 es
1217 2182 1279 2211 un
1301 2171 1477 2223 criado,
1502 2183 1590 2223 que
1611 2171 1670 2211 ha
1699 2170 1801 2211 sido
1831 2182 1887 2210 en

241 2242 484 2295 Torrejon‚
510 2243 566 2284 de
587 2243 694 2283 Don
715 2243 915 2294 Felipe.„

320 2315 377 2355 Et
399 2316 445 2355 in
468 2315 559 2355 alio
580 2315 751 2366 papyri
771 2314 883 2354 folio
905 2314 1022 2354 haec
1044 2314 1173 2354 addit
1194 2313 1403 2353 Xuarez:

325 2387 442 2427 “Las
464 2393 622 2427 cartas
643 2398 731 2437 que
754 2398 803 2426 se
824 2386 1039 2426 hallaron
1062 2397 1119 2425 en
1139 2385 1285 2437 podes
1311 2385 1366 2426 de
1396 2385 1652 2426 Francisco
1685 2385 1882 2435 Alonso,

241 2458 403 2498 criado
426 2458 499 2498 del
520 2458 723 2498 Maestre
744 2457 801 2498 de
822 2457 1060 2508 Montesa‚
1085 2457 1364 2497 habiendole
1386 2457 1558 2509 topado
1588 2469 1727 2498 cerca
1757 2457 1813 2498 de
1843 2457 1889 2497 la

240 2536 412 2581 puente
441 2529 515 2570 del
542 2529 612 2570 rio
646 2530 804 2583 Jucar,
835 2540 929 2569 una
960 2529 1101 2579 legua
1130 2540 1249 2580 poco
1280 2531 1382 2569 mas
1411 2533 1436 2569 0
1467 2540 1628 2569 menos
1658 2528 1715 2569 de
1747 2528 1887 2569 Villa-

242 2612 398 2641 nucva
421 2601 477 2641 de
499 2602 544 2640 13
564 2600 699 2654 Jara,
723 2600 879 2652 yendo
901 2612 991 2640 con
1018 2601 1088 2640 105
1115 2611 1282 2651 presos
1309 2611 1397 2651 que
1426 2600 1613 2641 llevaba
1644 2611 1730 2652 pot·
1760 2611 1889 2640 man·

242 2672 364 2712 dado
386 2671 442 2712 dc
465 2684 519 2712 su
548 2671 779 2723 Majestad
806 2671 1164 2712 Hernandarias
1194 2671 1250 2711 de
1281 2670 1545 2721 Saavedra,
1577 2670 1802 2711 Teniente
1832 2670 1889 2710 de

243 2742 443 2794 Capitan
473 2743 528 2783 de
556 2744 600 2782 la
631 2742 841 2783 Guardia
873 2743 1111 2794 Espanola
1143 2741 1199 2782 de
1229 2753 1281 2782 su
1312 2741 1542 2794 Majestad
1571 2742 1674 2793 (que
1704 2753 1789 2782 son
1819 2742 1890 2781 los

242 2826 408 2866 presos
436 2814 542 2854 Don
569 2813 721 2865 Diego
752 2826 783 2865 y
814 2813 921 2853 Don
949 2813 1108 2865 Felipe
1135 2813 1191 2853 de
1226 2812 1406 2865 Borja),
1437 2825 1523 2853 son
1553 2813 1625 2853 del
1660 2819 1796 2853 tenor
1831 2812 1887 2852 si-

239 2886 429 2937 guiente
443 2884 779 2937 :zsepulveda
798 2883 909 2937 hijo,
928 2896 1039 2937 muy
1058 2884 1271 2925 confiado
1293 2891 1427 2937 estoy
1448 2885 1522 2925 del
1542 2896 1675 2926 amor
1695 2896 1785 2925 con
1801 2894 1890 2936 que

296 3048 305 3067 ¹
349 3048 397 3074 De
416 3048 457 3075 1).
475 3047 634 3082 Philippo
650 3047 779 3082 Borgia
795 3048 857 3075 hoc
876 3049 949 3076 loco
966 3055 1077 3075 sermo
1092 3051 1154 3075 est.
