1969 3293
636 240 839 276 FRATRES
866 249 919 275 Ac
947 237 1163 276 SOROREs.
1650 239 1719 275 461

165 337 365 388 Insignis
386 336 610 387 hispanus
632 335 834 387 scriptor
854 334 1076 376 MICHAissL
1097 348 1157 375 DE
1178 335 1482 386 CERVANTES,
1507 336 1554 375 in
1577 347 1717 387 opere

85 409 208 460 quod
242 407 496 459 appellavit
535 406 755 456 Galatea,
790 407 866 446 ubi
903 406 1158 458 Calliopem
1192 407 1416 446 clariores
1457 406 1716 457 Hispaniae

84 484 247 531 poetas
268 478 536 518 laudantem
558 478 755 529 inducit,
776 478 891 517 haec
920 489 1022 517 eam
1044 478 1100 517 de
1126 486 1288 517 nostro
1310 477 1448 517 Petro
1471 476 1717 517 Ludovieo

83 549 292 601 proferre
313 548 444 588 facit:

415 665 581 713 “Aquel
596 676 650 702 en
670 676 783 713 cuyo
803 666 941 713 pecho
961 664 1134 703 abunda
1153 677 1181 713 y
1200 666 1348 703 llueve

366 729 566 778 Siempre
593 741 680 767 una
705 730 872 776 fuente,
901 741 986 777 que
1006 741 1052 767 es
1077 741 1158 778 por
1177 731 1219 767 el
1238 730 1398 776 divina,

366 796 405 832 Y
425 797 450 832 a
469 796 600 843 quien
619 796 659 832 el
679 795 796 833 Coro
816 795 868 832 de
888 805 962 832 sus
981 796 1176 832 lumbres
1197 806 1356 832 mueve

367 861 517 903 (Como
542 862 568 897 a
592 860 751 907 Sefior)
775 871 857 897 con
882 870 991 907 gran
1016 871 1151 897 razon
1175 870 1223 897 se
1248 860 1425 897 inclina:

363 926 405 963 A
425 926 555 973 quien
574 926 702 962 [mico
723 925 906 962 nombre
926 935 974 962 se
992 926 1033 962 16
1054 924 1163 962 debe

364 991 431 1029 De
451 992 493 1029 la
512 991 655 1038 etiope
674 990 801 1028 hasta
826 990 868 1027 la
886 995 1018 1037 gente
1037 990 1254 1035 austrina,

364 1056 463 1094 Don
482 1056 588 1094 Luis
609 1055 837 1093 Garceran
856 1065 902 1092 es
923 1055 989 1092 sin
1009 1054 1208 1102 segundo

363 1122 557 1159 Maestre
577 1121 631 1158 de
650 1120 852 1158 Montesa
866 1132 895 1167 y
914 1119 1029 1157 Dion
1048 1119 1118 1157 del
1139 1120 1338 1165 mundo„

157 1472 268 1524 Ejus
289 1472 487 1512 exuviae
509 1470 743 1512 Gandiam
763 1472 1041 1520 translatae,
1065 1471 1112 1510 in
1128 1470 1353 1522 primario
1381 1470 1509 1510 urbis
1540 1472 1716 1522 templo

79 1546 138 1596 (la
159 1544 289 1596 Seo)‚
314 1545 362 1584 in
382 1549 705 1594 monumento,
731 1543 854 1594 quod
881 1542 967 1582 sibi
994 1543 1182 1594 suisque
1209 1542 1563 1583 suecessoribus
1586 1542 1708 1582 Gan-

78 1617 181 1656 diae
203 1616 360 1657 Duces
381 1621 678 1665 exstruxere,
700 1614 935 1666 repositae
956 1620 1077 1653 sunt.

155 1688 289 1728 Vixit
310 1699 461 1728 annos
482 1687 731 1737 sexaginta
752 1691 953 1738 quatuor
973 1690 1018 1725 et
1039 1684 1240 1736 praefuit
1260 1684 1519 1725 Montesiae
1545 1684 1708 1725 Ordini

80 1760 215 1800 annis
236 1765 340 1800 octo
361 1770 503 1810 supra
526 1758 856 1810 quadraginta.

155 1830 348 1871 Praeter
369 1830 540 1870 liberos
562 1830 608 1869 in
627 1829 835 1880 legitimo
857 1828 1156 1868 matrimonio
1179 1833 1443 1878 susceptos,
1477 1826 1621 1867 filium
1642 1839 1712 1867 re-

76 1902 206 1953 liquit
226 1901 415 1942 Petrum
435 1900 727 1941 Ludovieum
747 1899 920 1950 Borgia
943 1900 1020 1951 qui
1040 1910 1183 1950 eques
1203 1898 1288 1938 fuit
1310 1897 1498 1939 Ordinis
1533 1898 1709 1939 Monte-

77 1973 174 2013 siae
197 1972 639 2013 commendatarius.

267 2344 541 2386 DIDACUs
571 2345 654 2385 DE
684 2343 918 2385 BORGIA
948 2343 1026 2384 ET
1056 2342 1300 2384 CASTRO
1330 2341 1507 2383 PINOS

155 2611 339 2652 Tertius
360 2612 399 2652 is
419 2611 503 2651 fuit
524 2610 669 2651 Ducis
690 2611 917 2661 Gandiae,
936 2610 1131 2664 Joannis
1148 2608 1204 2649 de
1220 2609 1396 2660 Borgia
1413 2614 1457 2649 et
1474 2608 1709 2659 Enriquez

76 2694 133 2722 ex
151 2682 408 2723 Francisca
430 2683 485 2723 de
507 2683 674 2723 Castro
695 2689 740 2723 et
768 2683 909 2724 Pinos
929 2682 1064 2732 filius,
1095 2686 1144 2721 ut
1172 2680 1219 2720 in
1248 2681 1395 2732 patris
1426 2686 1705 2720 testamento

76 2760 283 2805 apparet,
306 2754 354 2794 in
375 2766 465 2805 quo
492 2760 597 2806 post
618 2755 815 2794 alterum
845 2753 1002 2804 filium,
1032 2751 1221 2792 Petrum
1247 2751 1554 2802 Ludovicum,
1589 2762 1709 2791 sem-

75 2835 157 2875 per
187 2831 471 2865 reeensetur.
495 2825 704 2865 Tertium
732 2825 873 2865 etiam
900 2824 942 2864 ei
971 2825 1125 2864 locum
1151 2823 1395 2873 assignant
1423 2833 1606 2873 semper
1626 2820 1705 2861 Vi-

77 2895 226 2947 ciana,
251 2895 446 2947 Samper
467 2902 511 2935 et
532 2896 779 2935 Eseolano.

152 2965 302 3006 Natus
324 2972 392 3006 est
413 2966 624 3006 Gandiae
642 2978 763 3006 anno
789 2965 903 3005 1529.

155 3037 322 3078 Utrum
343 3037 481 3077 suerit
502 3043 742 3087 uxoratus,
772 3037 906 3077 nobis
928 3047 1023 3076 non
1045 3021 1243 3086 constat,
1267 3035 1373 3075 licet
1402 3034 1586 3075 aliunde
1610 3044 1707 3072 cer·
