1969 3293
149 172 219 209 740
678 172 721 208 5.
753 172 1025 210 ΡιεΑΝςιεςυε
1053 173 1227 211 ssonoiA

221 269 356 309 Hanc
384 274 540 308 autem
568 269 885 310 venditionem
913 270 1097 311 dictori]
1127 277 1425 321 nongentoru
1454 272 1625 323 viginti
1645 274 1789 315 vnius

143 340 352 381 solidoru
380 340 671 380 censualium
699 341 835 381 vobis
864 347 907 381 et
935 342 1107 381 vestris
1135 342 1257 382 facio
1287 344 1450 394 preuio
1480 343 1603 384 noie.
1633 346 1785 395 pretio

143 412 306 452 videlz.
332 411 558 452 tredecim
579 411 703 451 mille
725 412 898 452 soloru.
922 419 1138 453 monetae
1156 413 1380 465 prefixae.
1403 414 1534 465 Quos
1556 415 1780 456 confiteor

141 496 166 523 a
193 483 324 542 vobis
345 482 569 522 habuisse
596 488 640 522 et
668 483 904 534 recepisse
926 483 984 523 ad
1006 495 1160 524 meam
1183 485 1500 525 omnimodam
1522 487 1779 537 voluntate,

141 566 222 606 per
251 565 419 593 manus
440 553 669 605 praedicti
690 553 806 594 ΙΙΙ.1Πί
833 554 1009 595 domini
1029 555 1161 596 ducis
1191 555 1425 607 Gandiae‚
1456 557 1695 609 soluentis‚
1728 566 1779 598 vt

140 625 385 677 praedicti]
416 631 485 664 est
516 631 560 665 et
587 626 634 665 in
663 625 848 676 apocha
877 626 984 666 inde
1006 626 1225 667 facienda
1253 628 1590 680 continebitur,
1622 628 1677 669 de
1705 640 1780 680 pe-

141 697 291 737 cuniis
323 696 420 736 suis
450 696 675 748 propriis,
700 697 855 736 causis
877 703 921 737 et
942 698 1203 738 rationibus
1225 699 1561 749 praenarratis.

158 782 161 788 ¹
190 767 358 809 ²,Vnde
377 767 559 808 reni'itio
579 768 705 808 omni
722 769 987 819 exceptioni
1005 769 1290 810 venditionis
1309 770 1580 821 praedictae
1602 782 1684 822 per
1706 782 1780 811 me

140 839 271 880 vobis
289 851 384 879 non
402 838 569 889 factae,
590 840 864 891 pecuniaeq.
884 841 1154 892 praedictae
1167 853 1252 892 pro
1270 842 1420 893 pretio
1439 847 1483 881 et
1502 842 1621 882 noie.
1642 842 1778 894 pretii

138 911 292 951 dictae
311 910 594 950 venditionis
612 923 637 950 a
656 911 791 951 vobis
808 923 902 951 non
920 911 1108 951 habitae
1131 912 1197 962 &.‚
1224 919 1273 952 vt
1294 913 1597 964 praedicitur,
1623 919 1667 954 et
1689 913 1783 954 doli

138 990 181 1023 et
203 982 296 1033 legi
313 982 412 1022 siue
430 981 533 1022 foro
557 982 605 1022 δέ.
626 982 758 1022 Dans
776 989 869 1034 atq.
895 983 1139 1023 remittens
1161 983 1211 1022 &.
1235 984 1293 1024 Et
1310 996 1367 1024 ex
1385 996 1529 1024 causa
1547 983 1784 1035 hujusmo-

138 1053 183 1094 di
200 1053 486 1094 venditionis
502 1054 637 1093 vobis
659 1059 703 1093 et
724 1053 837 1093 vris.
863 1054 938 1105 dO,
964 1054 1079 1094 cedo
1102 1054 1150 1093 Sc.
1178 1054 1356 1105 Quibus
1373 1054 1555 1106 juribus
1578 1056 1626 1095 ἃ.
1651 1055 1784 1096 Insti-

138 1132 273 1166 tuens
293 1125 342 1165 ἃ.
365 1125 424 1165 ad
440 1125 658 1165 habenda
675 1125 726 1162 ἃ.
741 1125 952 1176 exceptis
970 1126 1155 1165 clericis
1173 1128 1239 1175 &.‚
1256 1126 1345 1165 nisi
1358 1126 1425 1176 &.‚
1442 1125 1691 1177 injungens
1714 1127 1781 1178 &.,

138 1203 278 1249 prout
301 1197 465 1237 melius
487 1197 554 1246 82„
579 1197 857 1248 promittens
879 1197 929 1234 ἃ.
953 1196 1011 1236 Et
1034 1203 1196 1236 teneor
1219 1204 1262 1237 et
1284 1196 1430 1237 teneri
1453 1199 1560 1237 volo
1584 1198 1717 1238 vobis
1739 1203 1784 1238 et

139 1269 253 1308 vris.
279 1269 334 1308 de
357 1268 492 1308 firma
513 1276 557 1308 et
580 1268 719 1319 legali
741 1268 974 1308 euictione
996 1268 1046 1305 Sc.
1070 1268 1187 1320 Itaq.
1218 1269 1255 1308 si
1277 1267 1396 1308 forte
1428 1269 1478 1308 δέ.
1510 1269 1589 1308 fiat
1611 1269 1780 1309 euictio

138 1341 271 1391 large
294 1339 564 1391 pactionata
588 1352 680 1379 vna
703 1345 760 1380 cu
777 1340 992 1379 omnibus
1021 1340 1204 1379 damnis
1231 1341 1298 1388 &.,
1324 1352 1464 1391 super
1486 1341 1652 1392 quibus
1685 1352 1782 1380 cre-

139 1412 278 1452 datur
300 1412 367 1461 &.,
393 1412 675 1451 renuncians
693 1413 760 1459 ὣ,
786 1423 869 1462 pro
892 1411 1059 1462 quibus
1083 1412 1151 1461 Sa,
1179 1412 1334 1463 obligo
1357 1413 1407 1452 ἅ.

222 1482 395 1523 Actum
418 1490 488 1522 est
513 1484 600 1522 hoc
624 1482 837 1523 Gandiae
860 1483 910 1520 ἃ.

221 1554 386 1594 Testes
407 1552 543 1604 ‘nujus
564 1554 632 1594 rei
653 1560 760 1594 sunt
783 1554 1071 1594 reuerendus
1095 1553 1317 1594 Onofrius
1339 1553 1566 1594 Martinez
1589 1555 1780 1606 presby-

140 1632 226 1677 ter,
250 1631 405 1665 rector
427 1625 653 1665 ecclesiae
676 1625 731 1665 de
754 1625 958 1676 lombay,
984 1631 1028 1665 et
1057 1638 1083 1665 a
1106 1626 1300 1665 secretis
1320 1625 1548 1676 praedicti
1570 1625 1785 1665 illustris-

140 1697 245 1737 simi
263 1697 355 1737 dni.
378 1697 508 1737 ducis
528 1696 756 1747 Gandiae,
775 1704 819 1737 et
838 1696 1118 1747 magnificus
1132 1697 1342 1737 alfonsus
1355 1696 1410 1737 de
1424 1698 1467 1737 la
1483 1709 1621 1737 serua
1635 1697 1782 1749 miles,

140 1775 184 1808 et
203 1767 509 1808 Sebastianus
526 1767 831 1818 Sanctam-eu,
848 1769 1137 1819 domicellus,
1158 1768 1269 1808 dicti
1286 1768 1379 1808 dni.
1400 1768 1530 1808 ducis
1550 1770 1780 1809 alumnus.

874 1929 974 1957 Dicta
991 1929 1054 1956 die.

219 2057 323 2097 Fiat
346 2058 529 2109 apocha
554 2056 561 2075 ¹
586 2057 642 2097 de
665 2057 788 2097 dicto
816 2056 968 2108 pretio
1001 2055 1160 2096 habito
1188 2067 1270 2107 per
1302 2066 1469 2095 manus
1498 2055 1702 2107 praefati
1731 2056 1785 2096 Il—

139 2129 408 2169 lustrissimi
430 2129 521 2169 dni.
547 2128 679 2168 ducis
701 2127 914 2168 Gandiae
935 2134 985 2167 ut
1002 2127 1361 2167 manumissoris
1378 2133 1422 2167 et
1438 2126 1783 2167 testamentarii

139 2201 405 2241 executoris
426 2200 772 2240 Illustrissimae
801 2200 935 2239 dnae.
967 2199 1261 2239 Heleonorae
1290 2198 1346 2238 de
1373 2198 1539 2239 Castro
1568 2199 1783 2239 ducissae

141 2272 353 2313 Gandiae
380 2272 542 2312 vxoris
564 2283 691 2322 suae,
718 2271 874 2311 causis
906 2276 950 2310 et
977 2270 1240 2310 rationibus
1268 2270 1314 2309 in
1345 2270 1575 2322 principio
1602 2270 1784 2321 praein-

140 2344 251 2383 serti
274 2344 538 2384 instrumeti
560 2342 846 2383 venditionis
874 2348 918 2382 et
946 2342 1363 2393 transportationis
1392 2342 1598 2381 contenti
1631 2348 1675 2381 et
1707 2353 1782 2381 ex-

140 2416 354 2466 pressati‚
380 2415 623 2466 soluentis‚
649 2421 698 2455 vt
720 2414 851 2465 dixit,
877 2414 932 2454 de
955 2413 1166 2464 pecuniis
1189 2413 1286 2453 suis
1307 2413 1526 2465 propriis,
1551 2424 1655 2452 cum
1678 2425 1780 2464 pro-

137 2487 386 2526 testatione
428 2493 586 2526 tamen
625 2485 938 2537 recuperandi
974 2485 1175 2536 pretium
1215 2484 1510 2536 praedictum
1545 2495 1604 2524 ex
1644 2484 1780 2523 bonis

137 2558 442 2598 haereditatis
464 2558 707 2609 praefatae
729 2558 877 2597 Ill.mae
910 2556 1129 2596 ducissae
1162 2556 1324 2596 vxoris
1352 2567 1479 2596 suae.
1504 2556 1562 2596 Et
1589 2556 1698 2608 quia
1728 2556 1777 2595 St.

138 2629 450 2669 Renunciauit
473 2630 523 2667 ἃ.
548 2629 721 2670 Actum
743 2635 812 2668 est
834 2629 922 2668 hoc
949 2627 1165 2668 Gandiae
1189 2627 1239 2667 δι.

438 2701 647 2752 proxime
669 2700 781 2740 dicti
803 2699 831 2740 ⁵².

189 2886 196 2905 ¹
241 2885 325 2912 Vide
344 2892 421 2918 pag.
439 2884 501 2916 605,
519 2888 633 2910 annot.
650 2884 675 2910 (ὦ,

190 2934 202 2952 ”-’
242 2932 465 2959 Subscribunt
482 2932 580 2958 iidem
599 2935 705 2958 tostos
722 2940 759 2958 ac
779 2939 892 2965 supra.
