1969 3293
768 555 842 606 ΡΠ
885 555 969 605 ΡΙ).
1012 553 1068 603 Ν

290 765 500 798 apostolicae
517 765 651 792 litterae
669 764 850 792 Francisco
867 765 904 790 d<-
927 766 1047 797 [zm-gia
1064 766 1164 792 datae
1181 764 1219 791 de
1236 765 1351 791 eodem
1368 765 1502 799 negotio
1521 764 1541 790 ¹.

598 1007 731 1048 PIUS
760 1007 924 1047 PAPA
956 1006 1246 1058 QUARTUS

183 1219 363 1260 Dilecte
384 1221 473 1260 Fili
494 1220 714 1270 Salutem,
739 1228 783 1261 et
804 1222 1130 1273 Apostolicam
1151 1220 1534 1260 benedictionem.

182 1290 409 1331 Nobilitas
429 1292 631 1342 generis,
657 1305 682 1332 a
704 1305 795 1344 qua
818 1293 1046 1343 originem
1066 1292 1229 1341 trahis,
1253 1303 1338 1330 nec
1359 1303 1453 1330 non
1481 1290 1739 1340 Religionis

103 1361 252 1412 Zelus,
278 1362 496 1414 vitaeque
518 1375 574 1403 ac
602 1375 785 1404 morum
813 1364 1095 1415 exemplaris
1124 1363 1360 1412 doctrina,
1390 1362 1556 1413 quibus
1583 1362 1755 1412 perso-'

103 1444 213 1473 nam
233 1439 361 1473 tuam
383 1434 650 1475 decoratam
675 1435 984 1487 percepimus,
1009 1434 1107 1474 Nos
1129 1434 1369 1483 inducunt,
1392 1440 1440 1472 ut
1468 1444 1562 1472 non
1589 1433 1740 1472 solum

103 1510 162 1553 te,
186 1516 351 1545 verum
373 1505 510 1545 etiam
535 1506 808 1546 societatem
827 1505 995 1559 JESV,
1020 1506 1066 1545 in
1088 1517 1178 1557 qua
1206 1512 1255 1545 tu
1284 1504 1525 1555 religionis
1552 1503 1739 1543 vinculo

102 1580 148 1614 te
169 1576 431 1626 astringere
453 1577 655 1628 Voluisti,
681 1583 725 1617 et
746 1589 886 1629 quam
908 1577 1024 1617 alias
1045 1588 1103 1616 ex
1126 1577 1280 1616 animo
1302 1575 1537 1626 diligimus
1565 1574 1741 1626 specia-

103 1645 224 1686 libus
245 1646 500 1698 favoribus,
525 1655 569 1688 et
591 1649 757 1699 gratiis
778 1659 1133 1706 prosequamur.
1159 1647 1280 1687 Sane
1302 1659 1385 1699 pro
1406 1652 1539 1698 parte
1556 1651 1637 1686 tua
1653 1645 1740 1686 No-

105 1717 174 1757 bis
196 1718 402 1758 exhibita
423 1719 585 1770 petitio
607 1720 892 1769 continebat,
917 1719 1039 1771 quod
1061 1719 1178 1759 alias
1198 1724 1446 1770 postquam
1462 1718 1520 1757 fe:
1541 1728 1606 1758 re:
1624 1716 1740 1756 Pau-

103 1789 173 1828 lus
213 1788 342 1840 Papa
380 1789 442 1841 iii.
483 1790 820 1842 praedecessor
857 1797 1017 1831 noster
1037 1823 1043 1840 ,
1087 1796 1280 1841 accepto
1320 1801 1402 1840 per
1447 1800 1553 1829 eum
1573 1821 1580 1839 ,
1619 1788 1742 1839 quod

105 1860 342 1911 quondam
362 1862 570 1914 Joannes
592 1862 648 1902 de
670 1862 843 1912 Borgia
865 1874 923 1902 ex
943 1862 1091 1901 recol:
1114 1873 1202 1901 me:
1227 1860 1499 1901 Alexandro
1516 1871 1653 1911 papa.
1677 1859 1740 1911 vj.

103 1932 243 1972 etiam
265 1933 629 1983 praedecessore
650 1940 812 1974 nostro
834 1940 878 1974 et
898 1933 1090 1973 muliere
1112 1934 1262 1973 soluta
1284 1932 1462 1972 Romae
1486 1931 1671 1982 genitus
1694 1932 1741 1971 in

106 2002 305 2043 Civitate
337 2004 533 2057 Januen.
570 2005 805 2045 nonnullis
839 2005 972 2045 bonis
999 2005 1173 2045 relictis
1204 2004 1260 2044 ab
1286 2004 1506 2044 intestato
1534 2003 1741 2043 decesse-

105 2080 192 2124 rat,
219 2074 432 2126 quodque
454 2076 501 2115 in
531 2076 942 2116 constitutionibus
963 2075 1066 2126 fori,
1099 2082 1143 2115 et
1164 2074 1471 2126 pragmaticis
1493 2074 1743 2114 sanctioni-

103 2145 203 2195 bus,
228 2157 310 2186 seu
332 2146 513 2197 legibus
536 2147 684 2198 Regni
702 2147 950 2188 Valentiae
969 2147 1224 2187 cavebatur
1241 2157 1461 2198 expresse
1478 2145 1602 2197 quod
1619 2145 1741 2185 bona

104 2217 301 2265 illorum,
327 2218 405 2269 qui
425 2230 484 2258 ex
506 2219 727 2259 damnato
749 2219 873 2259 coitu
894 2218 1129 2270 procreati
1150 2223 1324 2268 essent,
1349 2217 1388 2257 si
1407 2217 1496 2268 ipsi
1524 2217 1582 2256 ab
1604 2217 1741 2256 inste-

104 2293 226 2328 stato
248 2288 540 2340 decederent,
564 2290 683 2330 inter
704 2301 949 2342 pauperes,
974 2301 1055 2331 seu
1076 2289 1192 2328 alias
1210 2289 1311 2340 pias
1328 2299 1513 2337 causas,
1539 2294 1618 2328 aut
1640 2287 1742 2339 pios

105 2370 231 2410 usus,
257 2366 300 2399 et
320 2359 482 2400 forsan
498 2372 581 2412 per
598 2360 802 2410 Curiam,
823 2368 867 2401 et
885 2366 1038 2401 certas
1055 2360 1101 2400 in
1119 2360 1296 2400 eisdem
1314 2359 1740 2405 constitutionibus,

106 2442 188 2470 seu
215 2431 551 2482 sanctionibUS,
590 2438 670 2472 aut
701 2432 882 2483 legibus
910 2442 1160 2482 expressas
1189 2430 1422 2481 distribui,
1456 2436 1500 2470 et
1528 2430 1741 2470 converti

106 2501 316 2541 debeant.
347 2502 404 2543 Et
431 2503 691 2554 attendens,
715 2503 836 2554 quod
858 2510 921 2552 tu,
953 2504 1031 2554 qui
1057 2510 1166 2543 tunc
1199 2502 1411 2543 Gandiae
1443 2500 1568 2551 Dux,
1593 2507 1637 2540 et
1664 2512 1741 2540 nu-

106 2583 233 2612 mero
264 2580 441 2625 septem
470 2574 695 2614 Filiorum
715 2581 945 2626 gravatus
967 2575 1215 2623 existebas,
1241 2585 1438 2625 quorum
1458 2579 1571 2612 natu
1592 2572 1742 2612 maior

105 2643 151 2683 in
187 2644 359 2684 ducatu
393 2644 606 2685 Gandiae
645 2646 897 2686 succedere
937 2645 1154 2695 debebat,
1196 2645 1259 2685 ita
1306 2644 1429 2696 quod
1462 2644 1629 2695 reliqui
1663 2643 1742 2683 filii

106 2714 235 2754 iuxta
274 2715 459 2755 illorum
502 2716 791 2757 nobilitatem
836 2716 1088 2757 sustentari
1126 2728 1219 2756 non
1258 2722 1490 2767 poterant.
1534 2715 1590 2755 Et
1636 2726 1739 2766 pro-

101 2792 262 2837 pterea
287 2788 452 2827 volens
479 2787 682 2827 secundo
706 2788 880 2838 genito,
918 2799 999 2827 seu
1033 2787 1171 2827 alicui
1205 2787 1339 2827 alteri
1374 2799 1432 2826 ex
1467 2786 1604 2826 dictis
1636 2785 1740 2825 filiis

159 2949 169 2968 ¹
210 2947 320 2975 Colec.
337 2955 423 2975 rom.
442 2948 700 2982 Apographum,
717 2948 852 2974 saeculo
868 2954 928 2974 xv1
944 2940 1133 2974 confectum
1149 2947 1180 2974 in
1195 2947 1274 2974 folio
1289 2946 1514 2981 quadruplici.
