<?xml version="1.0" encoding="UTF-8"?>
<!DOCTYPE html PUBLIC "-//W3C//DTD XHTML 1.0 Transitional//EN"
    "http://www.w3.org/TR/xhtml1/DTD/xhtml1-transitional.dtd">
<html xmlns="http://www.w3.org/1999/xhtml" xml:lang="en" lang="en">
 <head>
  <title>
</title>
<meta http-equiv="Content-Type" content="text/html;charset=utf-8" />
  <meta name='ocr-system' content='tesseract 3.04.00' />
  <meta name='ocr-capabilities' content='ocr_page ocr_carea ocr_par ocr_line ocrx_word'/>
</head>
<body>
  <div class='ocr_page' id='page_1' title='image "./sanctusfranciscu57borj_0742.png"; bbox 0 0 1969 3293; ppageno 0'>
   <div class='ocr_carea' id='block_1_1' title="bbox 163 146 1274 192">
    <p class='ocr_par' dir='ltr' id='par_1_1' title="bbox 163 146 1274 192">
     <span class='ocr_line' id='line_1_1' title="bbox 163 146 1274 192; baseline -0.004 -1"><span class='ocrx_word' id='word_1_1' title='bbox 163 155 235 192; x_wconf 65' lang='lat'>735</span> <span class='ocrx_word' id='word_1_2' title='bbox 713 151 756 189; x_wconf 87' lang='lat' dir='ltr'>S.</span> <span class='ocrx_word' id='word_1_3' title='bbox 786 146 1059 188; x_wconf 75' lang='lat' dir='ltr'>FRANciscus</span> <span class='ocrx_word' id='word_1_4' title='bbox 1087 150 1274 188; x_wconf 79' lang='lat' dir='ltr'>BORGIA&#39;</span> 
     </span>
    </p>
   </div>
   <div class='ocr_carea' id='block_1_2' title="bbox 649 459 1323 515">
    <p class='ocr_par' dir='ltr' id='par_1_2' title="bbox 649 459 1323 515">
     <span class='ocr_line' id='line_1_2' title="bbox 649 459 1323 515; baseline 0 -14"><span class='ocrx_word' id='word_1_5' title='bbox 649 460 899 515; x_wconf 86' lang='lat' dir='ltr'><strong>JOANNA</strong></span> <span class='ocrx_word' id='word_1_6' title='bbox 929 460 1012 501; x_wconf 87' lang='lat' dir='ltr'>DE</span> <span class='ocrx_word' id='word_1_7' title='bbox 1043 459 1323 501; x_wconf 86' lang='lat' dir='ltr'>MENESES</span> 
     </span>
    </p>
   </div>
   <div class='ocr_carea' id='block_1_3' title="bbox 162 600 1804 684">
    <p class='ocr_par' dir='ltr' id='par_1_3' title="bbox 162 600 1804 684">
     <span class='ocr_line' id='line_1_3' title="bbox 162 600 1804 640; baseline -0.003 -8"><span class='ocrx_word' id='word_1_8' title='bbox 162 610 198 633; x_wconf 85' lang='lat' dir='ltr'>ut</span> <span class='ocrx_word' id='word_1_9' title='bbox 212 604 430 640; x_wconf 84' lang='lat' dir='ltr'>procuratrix</span> <span class='ocrx_word' id='word_1_10' title='bbox 445 603 476 631; x_wconf 84' lang='lat' dir='ltr'>S.</span> <span class='ocrx_word' id='word_1_11' title='bbox 490 603 668 631; x_wconf 83' lang='lat' dir='ltr'>Francisci</span> <span class='ocrx_word' id='word_1_12' title='bbox 682 603 820 637; x_wconf 85' lang='lat' dir='ltr'>Borgia,</span> <span class='ocrx_word' id='word_1_13' title='bbox 834 603 997 637; x_wconf 89' lang='lat' dir='ltr'>quosdam</span> <span class='ocrx_word' id='word_1_14' title='bbox 1010 603 1139 630; x_wconf 87' lang='lat' dir='ltr'>reditus</span> <span class='ocrx_word' id='word_1_15' title='bbox 1148 603 1298 637; x_wconf 87' lang='lat' dir='ltr'>capitulo</span> <span class='ocrx_word' id='word_1_16' title='bbox 1309 601 1487 629; x_wconf 79' lang='lat' dir='ltr'><strong>Ecclesiae</strong></span> <span class='ocrx_word' id='word_1_17' title='bbox 1499 600 1637 636; x_wconf 84' lang='lat' dir='ltr'>Majoris</span> <span class='ocrx_word' id='word_1_18' title='bbox 1646 600 1804 628; x_wconf 86' lang='lat' dir='ltr'>Gandiae</span> 
     </span>
     <span class='ocr_line' id='line_1_4' title="bbox 921 657 1074 684; baseline 0.013 -2"><span class='ocrx_word' id='word_1_19' title='bbox 921 657 1038 684; x_wconf 85' lang='lat' dir='ltr'>vendit</span> <span class='ocrx_word' id='word_1_20' title='bbox 1053 659 1074 684; x_wconf 87' lang='lat'>¹.</span> 
     </span>
    </p>
   </div>
   <div class='ocr_carea' id='block_1_4' title="bbox 232 853 919 889">
    <p class='ocr_par' dir='ltr' id='par_1_4' title="bbox 232 853 919 889">
     <span class='ocr_line' id='line_1_5' title="bbox 232 853 919 889; baseline -0.006 -6"><span class='ocrx_word' id='word_1_21' title='bbox 232 854 295 883; x_wconf 89' lang='lat' dir='ltr'>Die</span> <span class='ocrx_word' id='word_1_22' title='bbox 310 863 385 883; x_wconf 74' lang='lat' dir='ltr'>xrm</span> <span class='ocrx_word' id='word_1_23' title='bbox 401 856 502 883; x_wconf 62' lang='lat' dir='ltr'>mosis</span> <span class='ocrx_word' id='word_1_24' title='bbox 518 855 607 889; x_wconf 85' lang='lat' dir='ltr'>Junii</span> <span class='ocrx_word' id='word_1_25' title='bbox 625 855 704 882; x_wconf 80' lang='lat' dir='ltr'>dicti</span> <span class='ocrx_word' id='word_1_26' title='bbox 720 854 798 881; x_wconf 84' lang='lat' dir='ltr'>anni</span> <span class='ocrx_word' id='word_1_27' title='bbox 814 853 919 887; x_wconf 58' lang='lat'>(1526).</span> 
     </span>
    </p>
   </div>
   <div class='ocr_carea' id='block_1_5' title="bbox 160 959 1815 2733">
    <p class='ocr_par' dir='ltr' id='par_1_5' title="bbox 160 959 1815 2733">
     <span class='ocr_line' id='line_1_6' title="bbox 244 959 1808 1016; baseline -0.003 -12"><span class='ocrx_word' id='word_1_28' title='bbox 244 964 348 1015; x_wconf 86' lang='lat' dir='ltr'>Ego</span> <span class='ocrx_word' id='word_1_29' title='bbox 366 964 524 1004; x_wconf 90' lang='lat' dir='ltr'>donna</span> <span class='ocrx_word' id='word_1_30' title='bbox 542 963 730 1016; x_wconf 86' lang='lat' dir='ltr'>Joanna</span> <span class='ocrx_word' id='word_1_31' title='bbox 748 962 803 1001; x_wconf 89' lang='lat' dir='ltr'>de</span> <span class='ocrx_word' id='word_1_32' title='bbox 823 961 1052 1009; x_wconf 75' lang='lat' dir='ltr'>Meneses,</span> <span class='ocrx_word' id='word_1_33' title='bbox 1077 960 1226 1000; x_wconf 89' lang='lat' dir='ltr'>affinis</span> <span class='ocrx_word' id='word_1_34' title='bbox 1244 960 1343 999; x_wconf 85' lang='lat' dir='ltr'>sive</span> <span class='ocrx_word' id='word_1_35' title='bbox 1366 959 1583 1011; x_wconf 87' lang='lat' dir='ltr'>cunyada</span> <span class='ocrx_word' id='word_1_36' title='bbox 1601 959 1693 999; x_wconf 90' lang='lat' dir='ltr'>dni.</span> <span class='ocrx_word' id='word_1_37' title='bbox 1715 959 1808 999; x_wconf 92' lang='lat' dir='ltr'>don</span> 
     </span>
     <span class='ocr_line' id='line_1_7' title="bbox 162 1031 1807 1085; baseline -0.004 -8"><span class='ocrx_word' id='word_1_38' title='bbox 162 1035 405 1076; x_wconf 83' lang='lat' dir='ltr'>Francisci</span> <span class='ocrx_word' id='word_1_39' title='bbox 429 1036 484 1075; x_wconf 88' lang='lat' dir='ltr'>de</span> <span class='ocrx_word' id='word_1_40' title='bbox 506 1032 648 1085; x_wconf 84' lang='lat' dir='ltr'>Borja</span> <span class='ocrx_word' id='word_1_41' title='bbox 667 1034 800 1074; x_wconf 88' lang='lat' dir='ltr'>ducis</span> <span class='ocrx_word' id='word_1_42' title='bbox 819 1033 1049 1082; x_wconf 80' lang='lat' dir='ltr'>Gandiae,</span> <span class='ocrx_word' id='word_1_43' title='bbox 1073 1032 1119 1071; x_wconf 89' lang='lat' dir='ltr'>in</span> <span class='ocrx_word' id='word_1_44' title='bbox 1143 1031 1305 1071; x_wconf 88' lang='lat' dir='ltr'>eadem</span> <span class='ocrx_word' id='word_1_45' title='bbox 1322 1031 1435 1071; x_wconf 81' lang='lat' dir='ltr'>villa</span> <span class='ocrx_word' id='word_1_46' title='bbox 1453 1031 1665 1072; x_wconf 87' lang='lat' dir='ltr'>Gandiae</span> <span class='ocrx_word' id='word_1_47' title='bbox 1683 1042 1807 1071; x_wconf 91' lang='lat' dir='ltr'>com-</span> 
     </span>
     <span class='ocr_line' id='line_1_8' title="bbox 163 1101 1807 1158; baseline -0.004 -10"><span class='ocrx_word' id='word_1_48' title='bbox 163 1119 369 1158; x_wconf 87' lang='lat' dir='ltr'>morans,</span> <span class='ocrx_word' id='word_1_49' title='bbox 393 1106 452 1146; x_wconf 89' lang='lat' dir='ltr'>ad</span> <span class='ocrx_word' id='word_1_50' title='bbox 475 1118 591 1158; x_wconf 88' lang='lat' dir='ltr'>opus</span> <span class='ocrx_word' id='word_1_51' title='bbox 614 1104 877 1156; x_wconf 74' lang='lat' dir='ltr'>exequendi</span> <span class='ocrx_word' id='word_1_52' title='bbox 894 1110 937 1144; x_wconf 90' lang='lat' dir='ltr'>et</span> <span class='ocrx_word' id='word_1_53' title='bbox 956 1102 1240 1155; x_wconf 89' lang='lat' dir='ltr'>adimplendi</span> <span class='ocrx_word' id='word_1_54' title='bbox 1257 1103 1332 1154; x_wconf 91' lang='lat' dir='ltr'>pia</span> <span class='ocrx_word' id='word_1_55' title='bbox 1351 1101 1582 1154; x_wconf 75' lang='lat' dir='ltr'>quaedam</span> <span class='ocrx_word' id='word_1_56' title='bbox 1600 1108 1644 1142; x_wconf 92' lang='lat' dir='ltr'>et</span> <span class='ocrx_word' id='word_1_57' title='bbox 1667 1101 1807 1142; x_wconf 86' lang='lat' dir='ltr'>infra-</span> 
     </span>
     <span class='ocr_line' id='line_1_9' title="bbox 163 1173 1809 1230; baseline -0.004 -10"><span class='ocrx_word' id='word_1_58' title='bbox 163 1179 341 1230; x_wconf 89' lang='lat' dir='ltr'>scripta</span> <span class='ocrx_word' id='word_1_59' title='bbox 357 1180 515 1229; x_wconf 77' lang='lat' dir='ltr'>legata</span> <span class='ocrx_word' id='word_1_60' title='bbox 534 1189 616 1229; x_wconf 89' lang='lat' dir='ltr'>per</span> <span class='ocrx_word' id='word_1_61' title='bbox 636 1178 800 1218; x_wconf 73' lang='lat' dir='ltr'>Ill.m³111</span> <span class='ocrx_word' id='word_1_62' title='bbox 816 1176 1021 1216; x_wconf 89' lang='lat' dir='ltr'>donnam</span> <span class='ocrx_word' id='word_1_63' title='bbox 1037 1175 1304 1215; x_wconf 86' lang='lat' dir='ltr'>Elionorem</span> <span class='ocrx_word' id='word_1_64' title='bbox 1322 1174 1379 1214; x_wconf 89' lang='lat' dir='ltr'>de</span> <span class='ocrx_word' id='word_1_65' title='bbox 1393 1173 1577 1225; x_wconf 90' lang='lat' dir='ltr'>Castro,</span> <span class='ocrx_word' id='word_1_66' title='bbox 1597 1185 1809 1214; x_wconf 89' lang='lat' dir='ltr'>sororem</span> 
     </span>
     <span class='ocr_line' id='line_1_10' title="bbox 163 1244 1808 1302; baseline -0.004 -11"><span class='ocrx_word' id='word_1_67' title='bbox 163 1262 332 1300; x_wconf 83' lang='lat' dir='ltr'>meam,</span> <span class='ocrx_word' id='word_1_68' title='bbox 357 1248 593 1302; x_wconf 89' lang='lat' dir='ltr'>quondam</span> <span class='ocrx_word' id='word_1_69' title='bbox 616 1248 859 1288; x_wconf 78' lang='lat' dir='ltr'>ducissam</span> <span class='ocrx_word' id='word_1_70' title='bbox 882 1247 1095 1287; x_wconf 83' lang='lat' dir='ltr'>Gandiae</span> <span class='ocrx_word' id='word_1_71' title='bbox 1124 1246 1170 1286; x_wconf 91' lang='lat' dir='ltr'>in</span> <span class='ocrx_word' id='word_1_72' title='bbox 1193 1257 1276 1286; x_wconf 89' lang='lat' dir='ltr'>suo</span> <span class='ocrx_word' id='word_1_73' title='bbox 1296 1245 1457 1285; x_wconf 88' lang='lat' dir='ltr'>ultimo</span> <span class='ocrx_word' id='word_1_74' title='bbox 1481 1250 1762 1285; x_wconf 88' lang='lat' dir='ltr'>testamento</span> <span class='ocrx_word' id='word_1_75' title='bbox 1796 1244 1808 1262; x_wconf 65' lang='lat'><em>²</em></span> 
     </span>
     <span class='ocr_line' id='line_1_11' title="bbox 163 1317 1808 1373; baseline -0.004 -10"><span class='ocrx_word' id='word_1_76' title='bbox 163 1323 342 1373; x_wconf 85' lang='lat' dir='ltr'>relicta,</span> <span class='ocrx_word' id='word_1_77' title='bbox 363 1322 541 1362; x_wconf 86' lang='lat' dir='ltr'>scilicet</span> <span class='ocrx_word' id='word_1_78' title='bbox 559 1321 649 1361; x_wconf 92' lang='lat' dir='ltr'>duo</span> <span class='ocrx_word' id='word_1_79' title='bbox 669 1320 890 1360; x_wconf 88' lang='lat' dir='ltr'>annualia</span> <span class='ocrx_word' id='word_1_80' title='bbox 907 1319 1159 1359; x_wconf 89' lang='lat' dir='ltr'>missarum</span> <span class='ocrx_word' id='word_1_81' title='bbox 1180 1318 1584 1368; x_wconf 87' lang='lat' dir='ltr'>celebrandarum,</span> <span class='ocrx_word' id='word_1_82' title='bbox 1608 1317 1808 1356; x_wconf 87' lang='lat' dir='ltr'>alterum</span> 
     </span>
     <span class='ocr_line' id='line_1_12' title="bbox 161 1387 1808 1442; baseline -0.005 -7"><span class='ocrx_word' id='word_1_83' title='bbox 161 1395 328 1435; x_wconf 78' lang='lat' dir='ltr'>videlz.</span> <span class='ocrx_word' id='word_1_84' title='bbox 352 1394 399 1433; x_wconf 89' lang='lat' dir='ltr'>in</span> <span class='ocrx_word' id='word_1_85' title='bbox 421 1393 620 1433; x_wconf 88' lang='lat' dir='ltr'>ecclesia</span> <span class='ocrx_word' id='word_1_86' title='bbox 642 1391 895 1442; x_wconf 78' lang='lat' dir='ltr'>collegiata</span> <span class='ocrx_word' id='word_1_87' title='bbox 916 1389 1188 1441; x_wconf 81' lang='lat' dir='ltr'>praedictae</span> <span class='ocrx_word' id='word_1_88' title='bbox 1205 1389 1345 1429; x_wconf 87' lang='lat' dir='ltr'>villae</span> <span class='ocrx_word' id='word_1_89' title='bbox 1362 1387 1590 1438; x_wconf 90' lang='lat' dir='ltr'>Gandiae‚</span> <span class='ocrx_word' id='word_1_90' title='bbox 1611 1389 1808 1428; x_wconf 89' lang='lat' dir='ltr'>alterum</span> 
     </span>
     <span class='ocr_line' id='line_1_13' title="bbox 160 1459 1808 1515; baseline -0.005 -9"><span class='ocrx_word' id='word_1_91' title='bbox 160 1478 275 1506; x_wconf 82' lang='lat' dir='ltr'>vero</span> <span class='ocrx_word' id='word_1_92' title='bbox 298 1466 343 1506; x_wconf 90' lang='lat' dir='ltr'>in</span> <span class='ocrx_word' id='word_1_93' title='bbox 367 1464 573 1505; x_wconf 86' lang='lat' dir='ltr'>oratorio</span> <span class='ocrx_word' id='word_1_94' title='bbox 596 1463 757 1515; x_wconf 87' lang='lat' dir='ltr'>palatii</span> <span class='ocrx_word' id='word_1_95' title='bbox 779 1461 1008 1513; x_wconf 86' lang='lat' dir='ltr'>praedicti</span> <span class='ocrx_word' id='word_1_96' title='bbox 1028 1460 1143 1500; x_wconf 71' lang='lat' dir='ltr'>illmi</span> <span class='ocrx_word' id='word_1_97' title='bbox 1166 1460 1259 1500; x_wconf 90' lang='lat' dir='ltr'>dni.</span> <span class='ocrx_word' id='word_1_98' title='bbox 1285 1460 1418 1499; x_wconf 89' lang='lat' dir='ltr'>ducis</span> <span class='ocrx_word' id='word_1_99' title='bbox 1440 1459 1669 1500; x_wconf 89' lang='lat' dir='ltr'>Gandiae.</span> <span class='ocrx_word' id='word_1_100' title='bbox 1693 1459 1808 1499; x_wconf 89' lang='lat' dir='ltr'>Item</span> 
     </span>
     <span class='ocr_line' id='line_1_14' title="bbox 163 1519 1810 1587; baseline -0.005 -9"><span class='ocrx_word' id='word_1_101' title='bbox 163 1538 305 1578; x_wconf 89' lang='lat' dir='ltr'>etiam</span> <span class='ocrx_word' id='word_1_102' title='bbox 336 1536 396 1576; x_wconf 89' lang='lat' dir='ltr'>ad</span> <span class='ocrx_word' id='word_1_103' title='bbox 423 1547 540 1587; x_wconf 88' lang='lat' dir='ltr'>opus</span> <span class='ocrx_word' id='word_1_104' title='bbox 576 1519 791 1574; x_wconf 58' lang='lat' dir='ltr'>solvendi</span> <span class='ocrx_word' id='word_1_105' title='bbox 819 1532 1049 1584; x_wconf 85' lang='lat' dir='ltr'>stipendia</span> <span class='ocrx_word' id='word_1_106' title='bbox 1080 1532 1181 1571; x_wconf 85' lang='lat' dir='ltr'>sive</span> <span class='ocrx_word' id='word_1_107' title='bbox 1208 1531 1384 1571; x_wconf 87' lang='lat' dir='ltr'>salaria</span> <span class='ocrx_word' id='word_1_108' title='bbox 1412 1543 1494 1571; x_wconf 89' lang='lat' dir='ltr'>seu</span> <span class='ocrx_word' id='word_1_109' title='bbox 1530 1530 1810 1570; x_wconf 88' lang='lat' dir='ltr'>charitatem</span> 
     </span>
     <span class='ocr_line' id='line_1_15' title="bbox 163 1603 1811 1657; baseline -0.005 -8"><span class='ocrx_word' id='word_1_110' title='bbox 163 1619 432 1649; x_wconf 83' lang='lat' dir='ltr'>sermonum</span> <span class='ocrx_word' id='word_1_111' title='bbox 454 1606 466 1624; x_wconf 74' lang='lat'><strong>³</strong></span> <span class='ocrx_word' id='word_1_112' title='bbox 490 1612 534 1646; x_wconf 90' lang='lat' dir='ltr'>et</span> <span class='ocrx_word' id='word_1_113' title='bbox 556 1605 951 1657; x_wconf 86' lang='lat' dir='ltr'>supplicationum</span> <span class='ocrx_word' id='word_1_114' title='bbox 974 1603 1398 1655; x_wconf 88' lang='lat' dir='ltr'>infrascriptorum‚</span> <span class='ocrx_word' id='word_1_115' title='bbox 1418 1603 1507 1643; x_wconf 87' lang='lat' dir='ltr'>hoc</span> <span class='ocrx_word' id='word_1_116' title='bbox 1529 1608 1613 1652; x_wconf 88' lang='lat' dir='ltr'>est,</span> <span class='ocrx_word' id='word_1_117' title='bbox 1638 1613 1811 1642; x_wconf 85' lang='lat' dir='ltr'>sermo-</span> 
     </span>
     <span class='ocr_line' id='line_1_16' title="bbox 163 1672 1811 1731; baseline -0.005 -11"><span class='ocrx_word' id='word_1_118' title='bbox 163 1691 276 1720; x_wconf 88' lang='lat' dir='ltr'>num</span> <span class='ocrx_word' id='word_1_119' title='bbox 308 1679 387 1731; x_wconf 89' lang='lat' dir='ltr'>qui</span> <span class='ocrx_word' id='word_1_120' title='bbox 421 1679 477 1718; x_wconf 91' lang='lat' dir='ltr'>de</span> <span class='ocrx_word' id='word_1_121' title='bbox 518 1689 648 1718; x_wconf 88' lang='lat' dir='ltr'>more</span> <span class='ocrx_word' id='word_1_122' title='bbox 675 1677 828 1717; x_wconf 89' lang='lat' dir='ltr'>solent</span> <span class='ocrx_word' id='word_1_123' title='bbox 855 1675 955 1716; x_wconf 84' lang='lat' dir='ltr'>fieri</span> <span class='ocrx_word' id='word_1_124' title='bbox 982 1675 1180 1726; x_wconf 83' lang='lat' dir='ltr'>singulis</span> <span class='ocrx_word' id='word_1_125' title='bbox 1206 1673 1445 1714; x_wconf 89' lang='lat' dir='ltr'>mensibus</span> <span class='ocrx_word' id='word_1_126' title='bbox 1474 1674 1522 1713; x_wconf 87' lang='lat' dir='ltr'>in</span> <span class='ocrx_word' id='word_1_127' title='bbox 1551 1672 1738 1713; x_wconf 89' lang='lat' dir='ltr'>laudem</span> <span class='ocrx_word' id='word_1_128' title='bbox 1768 1680 1811 1712; x_wconf 92' lang='lat' dir='ltr'>et</span> 
     </span>
     <span class='ocr_line' id='line_1_17' title="bbox 162 1745 1811 1797; baseline -0.005 -5"><span class='ocrx_word' id='word_1_129' title='bbox 162 1750 619 1792; x_wconf 82' lang='lat' dir='ltr'>commendationem</span> <span class='ocrx_word' id='word_1_130' title='bbox 642 1747 927 1788; x_wconf 86' lang='lat' dir='ltr'>sanctissimi</span> <span class='ocrx_word' id='word_1_131' title='bbox 947 1746 1232 1787; x_wconf 88' lang='lat' dir='ltr'>sacramenti</span> <span class='ocrx_word' id='word_1_132' title='bbox 1254 1745 1467 1797; x_wconf 88' lang='lat' dir='ltr'>corporis</span> <span class='ocrx_word' id='word_1_133' title='bbox 1495 1752 1538 1785; x_wconf 90' lang='lat' dir='ltr'>et</span> <span class='ocrx_word' id='word_1_134' title='bbox 1565 1745 1811 1795; x_wconf 78' lang='lat' dir='ltr'>sanguinis</span> 
     </span>
     <span class='ocr_line' id='line_1_18' title="bbox 164 1817 1809 1871; baseline -0.005 -7"><span class='ocrx_word' id='word_1_135' title='bbox 164 1823 328 1864; x_wconf 86' lang='lat' dir='ltr'>christi</span> <span class='ocrx_word' id='word_1_136' title='bbox 350 1821 528 1862; x_wconf 88' lang='lat' dir='ltr'>domini</span> <span class='ocrx_word' id='word_1_137' title='bbox 550 1827 594 1861; x_wconf 88' lang='lat' dir='ltr'>et</span> <span class='ocrx_word' id='word_1_138' title='bbox 616 1819 931 1871; x_wconf 85' lang='lat' dir='ltr'>redemptoris</span> <span class='ocrx_word' id='word_1_139' title='bbox 951 1819 1038 1858; x_wconf 90' lang='lat' dir='ltr'>nri.</span> <span class='ocrx_word' id='word_1_140' title='bbox 1060 1817 1376 1858; x_wconf 87' lang='lat' dir='ltr'>confratribus</span> <span class='ocrx_word' id='word_1_141' title='bbox 1394 1817 1507 1857; x_wconf 91' lang='lat' dir='ltr'>dicti</span> <span class='ocrx_word' id='word_1_142' title='bbox 1523 1817 1809 1856; x_wconf 86' lang='lat' dir='ltr'>sacramenti</span> 
     </span>
     <span class='ocr_line' id='line_1_19' title="bbox 162 1888 1811 1946; baseline -0.005 -11"><span class='ocrx_word' id='word_1_143' title='bbox 162 1902 207 1935; x_wconf 89' lang='lat' dir='ltr'>et</span> <span class='ocrx_word' id='word_1_144' title='bbox 229 1895 332 1935; x_wconf 85' lang='lat' dir='ltr'>aliis</span> <span class='ocrx_word' id='word_1_145' title='bbox 355 1894 432 1946; x_wconf 91' lang='lat' dir='ltr'>qui</span> <span class='ocrx_word' id='word_1_146' title='bbox 454 1894 500 1933; x_wconf 89' lang='lat' dir='ltr'>in</span> <span class='ocrx_word' id='word_1_147' title='bbox 523 1893 685 1933; x_wconf 90' lang='lat' dir='ltr'>diebus</span> <span class='ocrx_word' id='word_1_148' title='bbox 706 1890 961 1943; x_wconf 87' lang='lat' dir='ltr'>praedictis</span> <span class='ocrx_word' id='word_1_149' title='bbox 983 1889 1267 1941; x_wconf 80' lang='lat' dir='ltr'>congregari</span> <span class='ocrx_word' id='word_1_150' title='bbox 1288 1889 1439 1929; x_wconf 84' lang='lat' dir='ltr'>solent</span> <span class='ocrx_word' id='word_1_151' title='bbox 1456 1888 1504 1928; x_wconf 89' lang='lat' dir='ltr'>in</span> <span class='ocrx_word' id='word_1_152' title='bbox 1521 1888 1646 1929; x_wconf 89' lang='lat' dir='ltr'>dicta</span> <span class='ocrx_word' id='word_1_153' title='bbox 1666 1888 1811 1928; x_wconf 89' lang='lat' dir='ltr'>eccle-</span> 
     </span>
     <span class='ocr_line' id='line_1_20' title="bbox 165 1959 1812 2017; baseline -0.004 -11"><span class='ocrx_word' id='word_1_154' title='bbox 165 1967 250 2007; x_wconf 89' lang='lat' dir='ltr'>sia.</span> <span class='ocrx_word' id='word_1_155' title='bbox 274 1967 332 2007; x_wconf 89' lang='lat' dir='ltr'>Et</span> <span class='ocrx_word' id='word_1_156' title='bbox 353 1965 753 2017; x_wconf 83' lang='lat' dir='ltr'>supplicationum</span> <span class='ocrx_word' id='word_1_157' title='bbox 775 1975 858 2003; x_wconf 88' lang='lat' dir='ltr'>seu</span> <span class='ocrx_word' id='word_1_158' title='bbox 879 1961 1234 2014; x_wconf 88' lang='lat' dir='ltr'>processionum</span> <span class='ocrx_word' id='word_1_159' title='bbox 1256 1972 1374 2012; x_wconf 90' lang='lat' dir='ltr'>quae</span> <span class='ocrx_word' id='word_1_160' title='bbox 1402 1960 1449 2000; x_wconf 90' lang='lat' dir='ltr'>in</span> <span class='ocrx_word' id='word_1_161' title='bbox 1475 1959 1812 2000; x_wconf 83' lang='lat' dir='ltr'>festivitatibus</span> 
     </span>
     <span class='ocr_line' id='line_1_21' title="bbox 163 2030 1814 2087; baseline -0.006 -8"><span class='ocrx_word' id='word_1_162' title='bbox 163 2038 491 2079; x_wconf 83' lang='lat' dir='ltr'>sanctissimae</span> <span class='ocrx_word' id='word_1_163' title='bbox 514 2036 715 2087; x_wconf 80' lang='lat' dir='ltr'>virginis</span> <span class='ocrx_word' id='word_1_164' title='bbox 737 2035 916 2075; x_wconf 87' lang='lat' dir='ltr'>mariae</span> <span class='ocrx_word' id='word_1_165' title='bbox 936 2033 1036 2074; x_wconf 91' lang='lat' dir='ltr'>fieri</span> <span class='ocrx_word' id='word_1_166' title='bbox 1058 2034 1208 2073; x_wconf 90' lang='lat' dir='ltr'>solent</span> <span class='ocrx_word' id='word_1_167' title='bbox 1230 2032 1277 2072; x_wconf 90' lang='lat' dir='ltr'>in</span> <span class='ocrx_word' id='word_1_168' title='bbox 1305 2032 1429 2072; x_wconf 90' lang='lat' dir='ltr'>dicta</span> <span class='ocrx_word' id='word_1_169' title='bbox 1456 2031 1569 2071; x_wconf 88' lang='lat' dir='ltr'>villa</span> <span class='ocrx_word' id='word_1_170' title='bbox 1596 2042 1679 2082; x_wconf 89' lang='lat' dir='ltr'>per</span> <span class='ocrx_word' id='word_1_171' title='bbox 1708 2030 1814 2070; x_wconf 90' lang='lat' dir='ltr'>loca</span> 
     </span>
     <span class='ocr_line' id='line_1_22' title="bbox 163 2101 1811 2157; baseline -0.005 -7"><span class='ocrx_word' id='word_1_172' title='bbox 163 2111 316 2151; x_wconf 87' lang='lat' dir='ltr'>solita.</span> <span class='ocrx_word' id='word_1_173' title='bbox 344 2109 505 2150; x_wconf 85' lang='lat' dir='ltr'>Gratis</span> <span class='ocrx_word' id='word_1_174' title='bbox 527 2115 570 2148; x_wconf 89' lang='lat' dir='ltr'>et</span> <span class='ocrx_word' id='word_1_175' title='bbox 593 2107 795 2147; x_wconf 88' lang='lat' dir='ltr'>scienter</span> <span class='ocrx_word' id='word_1_176' title='bbox 813 2105 1110 2157; x_wconf 88' lang='lat' dir='ltr'>adimplendo</span> <span class='ocrx_word' id='word_1_177' title='bbox 1130 2115 1297 2144; x_wconf 88' lang='lat' dir='ltr'>munus</span> <span class='ocrx_word' id='word_1_178' title='bbox 1313 2102 1429 2156; x_wconf 85' lang='lat' dir='ltr'>Ill.mi</span> <span class='ocrx_word' id='word_1_179' title='bbox 1445 2102 1538 2142; x_wconf 91' lang='lat' dir='ltr'>dni.</span> <span class='ocrx_word' id='word_1_180' title='bbox 1558 2102 1650 2142; x_wconf 93' lang='lat' dir='ltr'>don</span> <span class='ocrx_word' id='word_1_181' title='bbox 1666 2101 1811 2142; x_wconf 88' lang='lat' dir='ltr'>Fran-</span> 
     </span>
     <span class='ocr_line' id='line_1_23' title="bbox 164 2173 1813 2231; baseline -0.006 -9"><span class='ocrx_word' id='word_1_182' title='bbox 164 2182 277 2222; x_wconf 89' lang='lat' dir='ltr'>cisci</span> <span class='ocrx_word' id='word_1_183' title='bbox 299 2180 355 2221; x_wconf 91' lang='lat' dir='ltr'>de</span> <span class='ocrx_word' id='word_1_184' title='bbox 376 2179 516 2231; x_wconf 86' lang='lat' dir='ltr'>Borja</span> <span class='ocrx_word' id='word_1_185' title='bbox 538 2178 671 2219; x_wconf 84' lang='lat' dir='ltr'>ducis</span> <span class='ocrx_word' id='word_1_186' title='bbox 695 2177 928 2227; x_wconf 82' lang='lat' dir='ltr'>Gandiae,</span> <span class='ocrx_word' id='word_1_187' title='bbox 961 2183 1185 2228; x_wconf 85' lang='lat' dir='ltr'>tanquam</span> <span class='ocrx_word' id='word_1_188' title='bbox 1214 2173 1572 2215; x_wconf 87' lang='lat' dir='ltr'>manumissoris</span> <span class='ocrx_word' id='word_1_189' title='bbox 1599 2178 1643 2213; x_wconf 86' lang='lat' dir='ltr'>et</span> <span class='ocrx_word' id='word_1_190' title='bbox 1669 2179 1813 2214; x_wconf 88' lang='lat' dir='ltr'>testa-</span> 
     </span>
     <span class='ocr_line' id='line_1_24' title="bbox 164 2246 1811 2302; baseline -0.006 -8"><span class='ocrx_word' id='word_1_191' title='bbox 164 2253 382 2294; x_wconf 89' lang='lat' dir='ltr'>mentarii</span> <span class='ocrx_word' id='word_1_192' title='bbox 403 2251 669 2292; x_wconf 79' lang='lat' dir='ltr'>executoris</span> <span class='ocrx_word' id='word_1_193' title='bbox 697 2249 939 2302; x_wconf 85' lang='lat' dir='ltr'>praefatae</span> <span class='ocrx_word' id='word_1_194' title='bbox 966 2248 1113 2288; x_wconf 69' lang='lat' dir='ltr'>Ill.mae</span> <span class='ocrx_word' id='word_1_195' title='bbox 1143 2247 1360 2287; x_wconf 89' lang='lat' dir='ltr'>ducissae</span> <span class='ocrx_word' id='word_1_196' title='bbox 1388 2246 1551 2286; x_wconf 82' lang='lat' dir='ltr'>uxoris</span> <span class='ocrx_word' id='word_1_197' title='bbox 1580 2257 1718 2295; x_wconf 91' lang='lat' dir='ltr'>suae,</span> <span class='ocrx_word' id='word_1_198' title='bbox 1753 2246 1811 2284; x_wconf 86' lang='lat' dir='ltr'>ad</span> 
     </span>
     <span class='ocr_line' id='line_1_25' title="bbox 166 2317 1809 2377; baseline -0.006 -12"><span class='ocrx_word' id='word_1_199' title='bbox 166 2337 305 2377; x_wconf 90' lang='lat' dir='ltr'>quem</span> <span class='ocrx_word' id='word_1_200' title='bbox 327 2330 531 2375; x_wconf 88' lang='lat' dir='ltr'>spectat,</span> <span class='ocrx_word' id='word_1_201' title='bbox 557 2334 613 2362; x_wconf 92' lang='lat' dir='ltr'>ac</span> <span class='ocrx_word' id='word_1_202' title='bbox 645 2322 701 2362; x_wconf 89' lang='lat' dir='ltr'>de</span> <span class='ocrx_word' id='word_1_203' title='bbox 730 2322 973 2361; x_wconf 80' lang='lat' dir='ltr'>voluntate</span> <span class='ocrx_word' id='word_1_204' title='bbox 1002 2331 1115 2359; x_wconf 91' lang='lat' dir='ltr'>suae</span> <span class='ocrx_word' id='word_1_205' title='bbox 1144 2317 1504 2368; x_wconf 89' lang='lat' dir='ltr'>dominationis,</span> <span class='ocrx_word' id='word_1_206' title='bbox 1536 2317 1721 2357; x_wconf 87' lang='lat' dir='ltr'>solvere</span> <span class='ocrx_word' id='word_1_207' title='bbox 1751 2328 1809 2356; x_wconf 84' lang='lat' dir='ltr'>ex</span> 
     </span>
     <span class='ocr_line' id='line_1_26' title="bbox 165 2388 1806 2447; baseline -0.006 -10"><span class='ocrx_word' id='word_1_208' title='bbox 165 2396 377 2447; x_wconf 85' lang='lat' dir='ltr'>pecuniis</span> <span class='ocrx_word' id='word_1_209' title='bbox 398 2395 495 2435; x_wconf 87' lang='lat' dir='ltr'>suis</span> <span class='ocrx_word' id='word_1_210' title='bbox 518 2394 723 2446; x_wconf 85' lang='lat' dir='ltr'>propriis</span> <span class='ocrx_word' id='word_1_211' title='bbox 745 2393 946 2444; x_wconf 86' lang='lat' dir='ltr'>pretium</span> <span class='ocrx_word' id='word_1_212' title='bbox 968 2388 1340 2442; x_wconf 72' lang='lat' dir='ltr'>infrascriptum,</span> <span class='ocrx_word' id='word_1_213' title='bbox 1364 2396 1527 2429; x_wconf 86' lang='lat' dir='ltr'>tenore</span> <span class='ocrx_word' id='word_1_214' title='bbox 1555 2388 1695 2440; x_wconf 88' lang='lat' dir='ltr'>pntis.</span> <span class='ocrx_word' id='word_1_215' title='bbox 1727 2399 1806 2440; x_wconf 81' lang='lat' dir='ltr'>pu-</span> 
     </span>
     <span class='ocr_line' id='line_1_27' title="bbox 165 2459 1815 2516; baseline -0.006 -8"><span class='ocrx_word' id='word_1_216' title='bbox 165 2468 272 2508; x_wconf 86' lang='lat' dir='ltr'>blici</span> <span class='ocrx_word' id='word_1_217' title='bbox 300 2467 448 2507; x_wconf 84' lang='lat' dir='ltr'>instri.</span> <span class='ocrx_word' id='word_1_218' title='bbox 480 2466 663 2507; x_wconf 89' lang='lat' dir='ltr'>cunctis</span> <span class='ocrx_word' id='word_1_219' title='bbox 692 2471 917 2516; x_wconf 86' lang='lat' dir='ltr'>perpetuo</span> <span class='ocrx_word' id='word_1_220' title='bbox 945 2462 1233 2514; x_wconf 88' lang='lat' dir='ltr'>temporibus</span> <span class='ocrx_word' id='word_1_221' title='bbox 1259 2461 1473 2511; x_wconf 87' lang='lat' dir='ltr'>valituri,</span> <span class='ocrx_word' id='word_1_222' title='bbox 1512 2466 1558 2500; x_wconf 91' lang='lat' dir='ltr'>et</span> <span class='ocrx_word' id='word_1_223' title='bbox 1584 2459 1633 2500; x_wconf 90' lang='lat' dir='ltr'>in</span> <span class='ocrx_word' id='word_1_224' title='bbox 1660 2459 1815 2511; x_wconf 88' lang='lat' dir='ltr'>aliquo</span> 
     </span>
     <span class='ocr_line' id='line_1_28' title="bbox 165 2534 1807 2587; baseline -0.006 -7"><span class='ocrx_word' id='word_1_225' title='bbox 165 2551 259 2580; x_wconf 88' lang='lat' dir='ltr'>non</span> <span class='ocrx_word' id='word_1_226' title='bbox 280 2539 503 2587; x_wconf 78' lang='lat' dir='ltr'>violandi,</span> <span class='ocrx_word' id='word_1_227' title='bbox 527 2549 614 2577; x_wconf 89' lang='lat' dir='ltr'>nec</span> <span class='ocrx_word' id='word_1_228' title='bbox 637 2534 909 2585; x_wconf 79' lang='lat' dir='ltr'>revocandi,</span> <span class='ocrx_word' id='word_1_229' title='bbox 933 2546 1016 2585; x_wconf 91' lang='lat' dir='ltr'>per</span> <span class='ocrx_word' id='word_1_230' title='bbox 1038 2545 1110 2574; x_wconf 88' lang='lat' dir='ltr'>me</span> <span class='ocrx_word' id='word_1_231' title='bbox 1132 2540 1176 2573; x_wconf 89' lang='lat' dir='ltr'>et</span> <span class='ocrx_word' id='word_1_232' title='bbox 1198 2543 1498 2573; x_wconf 85' lang='lat' dir='ltr'>successores</span> <span class='ocrx_word' id='word_1_233' title='bbox 1521 2543 1649 2571; x_wconf 89' lang='lat' dir='ltr'>meos</span> <span class='ocrx_word' id='word_1_234' title='bbox 1670 2541 1807 2582; x_wconf 88' lang='lat' dir='ltr'>quos-</span> 
     </span>
     <span class='ocr_line' id='line_1_29' title="bbox 164 2602 1809 2662; baseline -0.007 -10"><span class='ocrx_word' id='word_1_235' title='bbox 164 2623 377 2662; x_wconf 84' lang='lat' dir='ltr'>cumque,</span> <span class='ocrx_word' id='word_1_236' title='bbox 403 2609 570 2659; x_wconf 82' lang='lat' dir='ltr'>vendo,</span> <span class='ocrx_word' id='word_1_237' title='bbox 591 2607 816 2657; x_wconf 85' lang='lat' dir='ltr'>concedo,</span> <span class='ocrx_word' id='word_1_238' title='bbox 837 2606 973 2647; x_wconf 87' lang='lat' dir='ltr'>trado</span> <span class='ocrx_word' id='word_1_239' title='bbox 991 2617 1071 2645; x_wconf 89' lang='lat' dir='ltr'>seu</span> <span class='ocrx_word' id='word_1_240' title='bbox 1091 2604 1225 2657; x_wconf 85' lang='lat' dir='ltr'>quasi</span> <span class='ocrx_word' id='word_1_241' title='bbox 1243 2603 1394 2654; x_wconf 87' lang='lat' dir='ltr'>trado,</span> <span class='ocrx_word' id='word_1_242' title='bbox 1415 2602 1650 2643; x_wconf 88' lang='lat' dir='ltr'>transfero</span> <span class='ocrx_word' id='word_1_243' title='bbox 1669 2608 1809 2654; x_wconf 88' lang='lat' dir='ltr'>atque</span> 
     </span>
     <span class='ocr_line' id='line_1_30' title="bbox 164 2674 1811 2733; baseline -0.007 -10"><span class='ocrx_word' id='word_1_244' title='bbox 164 2688 402 2733; x_wconf 75' lang='lat' dir='ltr'>trasporto</span> <span class='ocrx_word' id='word_1_245' title='bbox 424 2681 558 2721; x_wconf 75' lang='lat' dir='ltr'>vobis</span> <span class='ocrx_word' id='word_1_246' title='bbox 582 2679 693 2720; x_wconf 40' lang='grc' dir='ltr'>ΗΘΒ</span> <span class='ocrx_word' id='word_1_247' title='bbox 716 2678 958 2720; x_wconf 89' lang='lat' dir='ltr'>canonicis</span> <span class='ocrx_word' id='word_1_248' title='bbox 979 2683 1023 2718; x_wconf 90' lang='lat' dir='ltr'>et</span> <span class='ocrx_word' id='word_1_249' title='bbox 1044 2677 1249 2728; x_wconf 87' lang='lat' dir='ltr'>capitulo</span> <span class='ocrx_word' id='word_1_250' title='bbox 1272 2674 1499 2715; x_wconf 91' lang='lat' dir='ltr'>ecclesiae</span> <span class='ocrx_word' id='word_1_251' title='bbox 1531 2674 1811 2725; x_wconf 83' lang='lat' dir='ltr'>collegiatae</span> 
     </span>
    </p>
   </div>
   <div class='ocr_carea' id='block_1_6' title="bbox 308 2789 449 2793">
    <p class='ocr_par' dir='ltr' id='par_1_6' title="bbox 308 2789 449 2793">
     <span class='ocr_line' id='line_1_31' title="bbox 308 2789 449 2793; baseline 0 0"><span class='ocrx_word' id='word_1_252' title='bbox 308 2789 449 2793; x_wconf 95' lang='lat' dir='ltr'> </span> 
     </span>
    </p>
   </div>
   <div class='ocr_carea' id='block_1_7' title="bbox 167 2791 270 2794">
    <p class='ocr_par' dir='ltr' id='par_1_7' title="bbox 167 2791 270 2794">
     <span class='ocr_line' id='line_1_32' title="bbox 167 2791 270 2794; baseline 0 0"><span class='ocrx_word' id='word_1_253' title='bbox 167 2791 270 2794; x_wconf 95' lang='lat' dir='ltr'> </span> 
     </span>
    </p>
   </div>
   <div class='ocr_carea' id='block_1_8' title="bbox 172 2835 1811 3015">
    <p class='ocr_par' dir='ltr' id='par_1_8' title="bbox 172 2835 1811 2926">
     <span class='ocr_line' id='line_1_33' title="bbox 222 2835 1811 2872; baseline -0.005 -2"><span class='ocrx_word' id='word_1_254' title='bbox 222 2845 231 2864; x_wconf 91' lang='lat'>¹</span> <span class='ocrx_word' id='word_1_255' title='bbox 271 2844 325 2870; x_wconf 80' lang='lat' dir='ltr'>Ex</span> <span class='ocrx_word' id='word_1_256' title='bbox 349 2842 515 2869; x_wconf 73' lang='lat' dir='ltr'>Arcln&#39;vz&#39;o</span> <span class='ocrx_word' id='word_1_257' title='bbox 540 2841 677 2868; x_wconf 77' lang='lat' dir='ltr'>Domus</span> <span class='ocrx_word' id='word_1_258' title='bbox 700 2841 926 2868; x_wconf 77' lang='lat' dir='ltr'>Probatz&#39;onz&#39;s</span> <span class='ocrx_word' id='word_1_259' title='bbox 951 2839 983 2867; x_wconf 90' lang='lat' dir='ltr'>S.</span> <span class='ocrx_word' id='word_1_260' title='bbox 1006 2839 1033 2872; x_wconf 91' lang='lat' dir='ltr'>J.</span> <span class='ocrx_word' id='word_1_261' title='bbox 1062 2838 1236 2871; x_wconf 76' lang='lat' dir='ltr'>Gandiae,</span> <span class='ocrx_word' id='word_1_262' title='bbox 1258 2837 1444 2872; x_wconf 79' lang='lat' dir='ltr'>prolocollo</span> <span class='ocrx_word' id='word_1_263' title='bbox 1470 2836 1610 2872; x_wconf 75' lang='lat' dir='ltr'>Onosrz‘z&#39;</span> <span class='ocrx_word' id='word_1_264' title='bbox 1626 2836 1735 2863; x_wconf 74' lang='lat' dir='ltr'>Perez</span> <span class='ocrx_word' id='word_1_265' title='bbox 1764 2835 1811 2862; x_wconf 84' lang='lat' dir='ltr'>de</span> 
     </span>
     <span class='ocr_line' id='line_1_34' title="bbox 172 2886 1266 2926; baseline -0.005 -7"><span class='ocrx_word' id='word_1_266' title='bbox 172 2893 280 2926; x_wconf 79' lang='lat' dir='ltr'>Culla,</span> <span class='ocrx_word' id='word_1_267' title='bbox 300 2891 564 2924; x_wconf 73' lang='lat' dir='ltr'>Autographum</span> <span class='ocrx_word' id='word_1_268' title='bbox 581 2890 613 2917; x_wconf 87' lang='lat' dir='ltr'>in</span> <span class='ocrx_word' id='word_1_269' title='bbox 635 2890 715 2916; x_wconf 84' lang='lat' dir='ltr'>solio</span> <span class='ocrx_word' id='word_1_270' title='bbox 731 2889 870 2923; x_wconf 80' lang='lat' dir='ltr'>triplici.</span> <span class='ocrx_word' id='word_1_271' title='bbox 885 2888 973 2915; x_wconf 89' lang='lat' dir='ltr'>Vide</span> <span class='ocrx_word' id='word_1_272' title='bbox 988 2894 1091 2922; x_wconf 86' lang='lat' dir='ltr'>supra</span> <span class='ocrx_word' id='word_1_273' title='bbox 1108 2894 1186 2921; x_wconf 74' lang='lat' dir='ltr'>pag.</span> <span class='ocrx_word' id='word_1_274' title='bbox 1201 2886 1266 2913; x_wconf 80' lang='lat'>612.</span> 
     </span>
    </p>

    <p class='ocr_par' dir='ltr' id='par_1_9' title="bbox 225 2938 543 2973">
     <span class='ocr_line' id='line_1_35' title="bbox 225 2938 543 2973; baseline -0.009 -6"><span class='ocrx_word' id='word_1_275' title='bbox 225 2940 239 2960; x_wconf 72' lang='lat'>2</span> <span class='ocrx_word' id='word_1_276' title='bbox 276 2940 364 2967; x_wconf 77' lang='lat' dir='ltr'>Vide</span> <span class='ocrx_word' id='word_1_277' title='bbox 380 2946 447 2973; x_wconf 77' lang='lat' dir='ltr'>pag</span> <span class='ocrx_word' id='word_1_278' title='bbox 479 2938 543 2965; x_wconf 65' lang='lat'>390.</span> 
     </span>
    </p>

    <p class='ocr_par' dir='ltr' id='par_1_10' title="bbox 220 2985 725 3015">
     <span class='ocr_line' id='line_1_36' title="bbox 220 2985 725 3015; baseline -0.006 0"><span class='ocrx_word' id='word_1_279' title='bbox 220 2988 234 3008; x_wconf 76' lang='lat'>3</span> <span class='ocrx_word' id='word_1_280' title='bbox 272 2994 492 3015; x_wconf 74' lang='lat' dir='ltr'>sermonum.</span> <span class='ocrx_word' id='word_1_281' title='bbox 514 2985 725 3013; x_wconf 90' lang='lat' dir='ltr'>concionum.</span> 
     </span>
    </p>
   </div>
  </div>
 </body>
</html>
