1969 3293
707 150 817 188 F1L11
843 160 897 187 ET
921 149 1076 186 FILIAE
1645 145 1712 183 051

161 249 215 290 N.
240 249 289 289 B.
350 247 514 298 Plura,
544 247 600 287 de
626 246 923 287 Ferdinando
953 245 1151 296 Borgia,
1177 245 1305 294 leges
1335 242 1458 294 apud
1487 241 1713 282 CIENFUE-

82 332 187 369 cos,
218 318 333 358 Vz'da
353 317 428 358 del
449 318 639 358 Grande
662 318 711 358 S.
731 316 989 357 Francz'sco
1011 316 1066 356 de
1087 314 1267 366 BorJa,
1288 313 1430 354 Libro
1452 325 1497 363 v,
1518 324 1621 364 cap.
1649 312 1710 363 13,

86 391 134 430 14
155 396 198 430 et
223 388 285 428 16.

403 687 750 729 DOROTHEA
780 687 1014 728 BORGIA
1043 686 1122 727 ET
1152 685 1395 727 CASTRO

164 955 428 996 Vallisoleti
448 960 559 995 nata
581 960 651 994 est
671 954 810 1005 paulo
831 959 938 1005 post
960 953 1082 993 diem
1102 954 1154 993 25
1170 952 1327 993 Martii
1351 951 1452 992 1538
1469 958 1514 992 et
1530 952 1717 1004 quidem

85 1038 230 1079 aegra
250 1026 533 1077 valetudine,
557 1031 717 1077 utpote
737 1024 784 1065 in
804 1025 957 1064 lucem
978 1024 1101 1065 edita
1123 1024 1320 1076 septimo
1347 1029 1529 1064 tantum
1559 1034 1717 1064 mense

88 1111 113 1138 a
137 1098 456 1150 conceptione.

165 1168 210 1210 A
229 1169 402 1213 teneris
423 1168 689 1219 unguiculis
710 1167 757 1207 in
786 1165 1053 1207 Gandiense
1073 1165 1277 1207 Sanctae
1299 1164 1468 1206 Clarae
1488 1165 1718 1206 Monaste-

85 1240 206 1280 rium
241 1251 290 1279 se
320 1239 497 1290 recepit
527 1238 681 1290 ibique
712 1237 1007 1278 sanctissime
1037 1236 1175 1287 vixit'·‚
1206 1236 1354 1276 donec
1382 1236 1442 1276 ad
1472 1236 1721 1276 coelestem

84 1310 316 1362 Sponsum
337 1309 547 1350 evolavit
565 1309 619 1349 25
639 1308 796 1348 Martii
823 1308 938 1359 1552,
963 1307 1187 1358 religiosa
1204 1307 1496 1359 professione
1512 1305 1720 1347 nondum

84 1382 250 1432 ligata,
276 1381 333 1421 ob
355 1380 524 1421 aetatis
545 1380 792 1421 defectum.

164 1451 274 1504 Ejus
294 1458 428 1504 pater
448 1450 494 1492 S.
517 1450 802 1492 Franciscus
824 1450 1100 1503 prophetico
1122 1461 1336 1489 sermone
1358 1455 1556 1489 mortem
1583 1447 1720 1500 hujus

83 1524 205 1564 filiae
227 1524 273 1563 in
296 1522 467 1575 oppido
489 1521 611 1563 Casa
634 1521 690 1562 de
709 1522 754 1561 la
774 1521 924 1561 Reina
944 1520 1188 1562 nunciavit
1211 1519 1238 1558 ¹.

398 1804 765 1863 ALPHONSUS
794 1804 1028 1846 BORGIA
1059 1806 1137 1846 ET
1168 1805 1411 1847 CASTRO

169 2019 293 2060 Natu
312 2019 530 2059 minimus
552 2019 637 2059 fuit
666 2030 690 2058 e
718 2019 823 2059 filiis
850 2018 1011 2059 Sancti
1039 2019 1282 2060 Francisci
1310 2020 1365 2060 de
1396 2018 1549 2070 Borja.
1583 2017 1726 2058 Ortus

91 2096 162 2132 est
184 2090 334 2131 Toleti
357 2103 480 2131 anno
500 2090 598 2131 fere
623 2089 738 2130 1539.

168 2161 308 2203 Anno
333 2162 434 2202 1563
454 2162 651 2203 ducatus
671 2162 884 2202 Gandiae
911 2168 1013 2202 erat
1040 2173 1247 2202 summus
1274 2168 1449 2213 rector,
1474 2172 1579 2212 seu,
1599 2160 1724 2212 quod

87 2233 210 2274 idem
237 2239 325 2284 est,
350 2233 584 2285 generalis
605 2234 909 2285 gubernator,
936 2234 1065 2273 vices
1089 2245 1260 2284 gerens
1284 2233 1442 2274 Caroli
1464 2232 1612 2273 Ducis
1633 2231 1724 2272 fra-

89 2305 174 2345 tris
195 2305 289 2356 sui„
304 2310 355 2345 ut
375 2305 517 2346 refert
536 2305 754 2345 Viciana.

171 2375 340 2416 Postea
361 2381 550 2417 curator
566 2375 652 2416 fuit
668 2376 736 2416 rei
752 2375 999 2416 familiaris
1016 2375 1180 2416 domus
1196 2375 1510 2427 imperatricis
1527 2374 1722 2425 Mariae,

90 2445 294 2499 Philippi
308 2447 348 2488 II
363 2447 554 2488 sororis.

169 2517 222 2558 In
241 2518 452 2569 generali
472 2517 685 2559 Archivo
707 2517 1114 2570 Septimancarum
1134 2522 1404 2569 sequentem
1430 2516 1529 2569 ejus
1557 2517 1726 2569 episto-

92 2589 185 2629 lam
205 2589 486 2630 invenimus:

148 2750 157 2769 ¹
199 2749 422 2784 CIENFUEGos,
447 2750 534 2777 Vida
551 2750 607 2777 del
624 2749 767 2776 Grande
783 2749 816 2776 S.
834 2749 1023 2777 Francz‘sco
1038 2750 1079 2776 de
1092 2749 1214 2784 Borja,
1230 2750 1316 2776 libro
1333 2757 1379 2783 1v,
1396 2756 1469 2783 cap.
1484 2749 1511 2777 4.
