<?xml version="1.0" encoding="UTF-8"?>
<!DOCTYPE html PUBLIC "-//W3C//DTD XHTML 1.0 Transitional//EN"
    "http://www.w3.org/TR/xhtml1/DTD/xhtml1-transitional.dtd">
<html xmlns="http://www.w3.org/1999/xhtml" xml:lang="en" lang="en">
 <head>
  <title>
</title>
<meta http-equiv="Content-Type" content="text/html;charset=utf-8" />
  <meta name='ocr-system' content='tesseract 3.04.00' />
  <meta name='ocr-capabilities' content='ocr_page ocr_carea ocr_par ocr_line ocrx_word'/>
</head>
<body>
  <div class='ocr_page' id='page_1' title='image "./sanctusfranciscu57borj_0425.png"; bbox 0 0 1969 3293; ppageno 0'>
   <div class='ocr_carea' id='block_1_1' title="bbox 621 213 1699 254">
    <p class='ocr_par' dir='ltr' id='par_1_1' title="bbox 621 213 1699 254">
     <span class='ocr_line' id='line_1_1' title="bbox 621 213 1699 254; baseline -0.006 0"><span class='ocrx_word' id='word_1_1' title='bbox 621 218 827 254; x_wconf 77' lang='lat' dir='ltr'>FRATRES</span> <span class='ocrx_word' id='word_1_2' title='bbox 856 227 910 253; x_wconf 82' lang='lat' dir='ltr'>Ac</span> <span class='ocrx_word' id='word_1_3' title='bbox 938 215 1153 252; x_wconf 81' lang='lat' dir='ltr'>SOROREs.</span> <span class='ocrx_word' id='word_1_4' title='bbox 1634 213 1699 248; x_wconf 69' lang='lat'>421</span> 
     </span>
    </p>
   </div>
   <div class='ocr_carea' id='block_1_2' title="bbox 32 301 1711 3067">
    <p class='ocr_par' dir='ltr' id='par_1_2' title="bbox 74 301 1701 438">
     <span class='ocr_line' id='line_1_2' title="bbox 74 301 1701 366; baseline -0.005 -10"><span class='ocrx_word' id='word_1_5' title='bbox 74 315 320 366; x_wconf 81' lang='lat' dir='ltr'>dinandus,</span> <span class='ocrx_word' id='word_1_6' title='bbox 340 315 569 354; x_wconf 86' lang='lat' dir='ltr'>Martinus</span> <span class='ocrx_word' id='word_1_7' title='bbox 591 320 635 354; x_wconf 94' lang='lat' dir='ltr'>et</span> <span class='ocrx_word' id='word_1_8' title='bbox 655 313 953 362; x_wconf 88' lang='lat' dir='ltr'>Franciscus‚</span> <span class='ocrx_word' id='word_1_9' title='bbox 973 318 1017 352; x_wconf 90' lang='lat' dir='ltr'>et</span> <span class='ocrx_word' id='word_1_10' title='bbox 1038 301 1157 352; x_wconf 86' lang='lat' dir='ltr'>filiae</span> <span class='ocrx_word' id='word_1_11' title='bbox 1179 318 1286 361; x_wconf 90' lang='lat' dir='ltr'>tres,</span> <span class='ocrx_word' id='word_1_12' title='bbox 1307 310 1461 360; x_wconf 83' lang='lat' dir='ltr'>Anna,</span> <span class='ocrx_word' id='word_1_13' title='bbox 1487 310 1636 349; x_wconf 83' lang='lat' dir='ltr'>Maria</span> <span class='ocrx_word' id='word_1_14' title='bbox 1659 317 1701 348; x_wconf 81' lang='lat' dir='ltr'>ct</span> 
     </span>
     <span class='ocr_line' id='line_1_3' title="bbox 75 388 250 438; baseline -0.023 -10"><span class='ocrx_word' id='word_1_15' title='bbox 75 388 250 438; x_wconf 90' lang='lat' dir='ltr'>Agnes.</span> 
     </span>
    </p>

    <p class='ocr_par' dir='ltr' id='par_1_3' title="bbox 74 453 1710 1858">
     <span class='ocr_line' id='line_1_4' title="bbox 157 453 1703 505; baseline -0.005 -7"><span class='ocrx_word' id='word_1_16' title='bbox 157 457 271 498; x_wconf 89' lang='lat' dir='ltr'>Cum</span> <span class='ocrx_word' id='word_1_17' title='bbox 299 462 454 497; x_wconf 89' lang='lat' dir='ltr'>autem</span> <span class='ocrx_word' id='word_1_18' title='bbox 488 457 534 496; x_wconf 88' lang='lat' dir='ltr'>in</span> <span class='ocrx_word' id='word_1_19' title='bbox 560 455 830 496; x_wconf 84' lang='lat' dir='ltr'>Flandriam</span> <span class='ocrx_word' id='word_1_20' title='bbox 857 455 1085 495; x_wconf 86' lang='lat' dir='ltr'>Martinus</span> <span class='ocrx_word' id='word_1_21' title='bbox 1116 454 1282 495; x_wconf 87' lang='lat' dir='ltr'>Comes</span> <span class='ocrx_word' id='word_1_22' title='bbox 1312 453 1550 505; x_wconf 86' lang='lat' dir='ltr'>profectus</span> <span class='ocrx_word' id='word_1_23' title='bbox 1583 458 1703 492; x_wconf 89' lang='lat' dir='ltr'>esset</span> 
     </span>
     <span class='ocr_line' id='line_1_5' title="bbox 78 524 1705 581; baseline -0.005 -11"><span class='ocrx_word' id='word_1_24' title='bbox 78 530 229 581; x_wconf 82' lang='lat' dir='ltr'>ibique</span> <span class='ocrx_word' id='word_1_25' title='bbox 250 533 374 568; x_wconf 90' lang='lat' dir='ltr'>totos</span> <span class='ocrx_word' id='word_1_26' title='bbox 391 528 591 579; x_wconf 89' lang='lat' dir='ltr'>quinque</span> <span class='ocrx_word' id='word_1_27' title='bbox 609 537 757 567; x_wconf 90' lang='lat' dir='ltr'>annos</span> <span class='ocrx_word' id='word_1_28' title='bbox 773 527 1022 577; x_wconf 75' lang='lat' dir='ltr'>exegisset,</span> <span class='ocrx_word' id='word_1_29' title='bbox 1042 525 1301 566; x_wconf 78' lang='lat' dir='ltr'>Comitatus</span> <span class='ocrx_word' id='word_1_30' title='bbox 1317 524 1705 575; x_wconf 81' lang='lat' dir='ltr'>gubernationem</span> 
     </span>
     <span class='ocr_line' id='line_1_6' title="bbox 78 595 1705 650; baseline -0.003 -11"><span class='ocrx_word' id='word_1_31' title='bbox 78 612 132 640; x_wconf 89' lang='lat' dir='ltr'>eo</span> <span class='ocrx_word' id='word_1_32' title='bbox 158 606 364 650; x_wconf 90' lang='lat' dir='ltr'>tempore</span> <span class='ocrx_word' id='word_1_33' title='bbox 393 599 597 650; x_wconf 80' lang='lat' dir='ltr'>suscepit</span> <span class='ocrx_word' id='word_1_34' title='bbox 632 598 895 648; x_wconf 77' lang='lat' dir='ltr'>Ludovica,</span> <span class='ocrx_word' id='word_1_35' title='bbox 918 603 1105 648; x_wconf 89' lang='lat' dir='ltr'>tamque</span> <span class='ocrx_word' id='word_1_36' title='bbox 1133 602 1259 636; x_wconf 90' lang='lat' dir='ltr'>recte</span> <span class='ocrx_word' id='word_1_37' title='bbox 1281 608 1329 636; x_wconf 93' lang='lat' dir='ltr'>se</span> <span class='ocrx_word' id='word_1_38' title='bbox 1358 596 1404 635; x_wconf 93' lang='lat' dir='ltr'>in</span> <span class='ocrx_word' id='word_1_39' title='bbox 1426 607 1510 635; x_wconf 92' lang='lat' dir='ltr'>sua</span> <span class='ocrx_word' id='word_1_40' title='bbox 1538 595 1705 645; x_wconf 91' lang='lat' dir='ltr'>cuique</span> 
     </span>
     <span class='ocr_line' id='line_1_7' title="bbox 77 665 1704 720; baseline -0.004 -10"><span class='ocrx_word' id='word_1_41' title='bbox 77 670 321 711; x_wconf 87' lang='lat' dir='ltr'>tribuendo</span> <span class='ocrx_word' id='word_1_42' title='bbox 342 670 607 720; x_wconf 86' lang='lat' dir='ltr'>tuendoque</span> <span class='ocrx_word' id='word_1_43' title='bbox 624 668 730 720; x_wconf 85' lang='lat' dir='ltr'>jura</span> <span class='ocrx_word' id='word_1_44' title='bbox 751 669 910 719; x_wconf 83' lang='lat' dir='ltr'>gessit,</span> <span class='ocrx_word' id='word_1_45' title='bbox 934 674 1030 708; x_wconf 87' lang='lat' dir='ltr'>tam</span> <span class='ocrx_word' id='word_1_46' title='bbox 1051 668 1232 707; x_wconf 86' lang='lat' dir='ltr'>fortiter</span> <span class='ocrx_word' id='word_1_47' title='bbox 1254 668 1300 707; x_wconf 87' lang='lat' dir='ltr'>in</span> <span class='ocrx_word' id='word_1_48' title='bbox 1321 665 1618 717; x_wconf 90' lang='lat' dir='ltr'>reprimenda</span> <span class='ocrx_word' id='word_1_49' title='bbox 1638 677 1704 704; x_wconf 89' lang='lat' dir='ltr'>re-</span> 
     </span>
     <span class='ocr_line' id='line_1_8' title="bbox 74 736 1706 789; baseline -0.004 -8"><span class='ocrx_word' id='word_1_50' title='bbox 74 741 262 781; x_wconf 89' lang='lat' dir='ltr'>bellium</span> <span class='ocrx_word' id='word_1_51' title='bbox 283 740 502 786; x_wconf 84' lang='lat' dir='ltr'>audacia,</span> <span class='ocrx_word' id='word_1_52' title='bbox 527 746 622 780; x_wconf 87' lang='lat' dir='ltr'>tam</span> <span class='ocrx_word' id='word_1_53' title='bbox 644 740 839 779; x_wconf 82' lang='lat' dir='ltr'>sollicite</span> <span class='ocrx_word' id='word_1_54' title='bbox 862 739 907 778; x_wconf 90' lang='lat' dir='ltr'>in</span> <span class='ocrx_word' id='word_1_55' title='bbox 929 750 1184 789; x_wconf 88' lang='lat' dir='ltr'>egenorum</span> <span class='ocrx_word' id='word_1_56' title='bbox 1205 737 1494 777; x_wconf 85' lang='lat' dir='ltr'>sublevanda</span> <span class='ocrx_word' id='word_1_57' title='bbox 1512 736 1706 788; x_wconf 89' lang='lat' dir='ltr'>penuria</span> 
     </span>
     <span class='ocr_line' id='line_1_9' title="bbox 77 807 1708 860; baseline -0.004 -8"><span class='ocrx_word' id='word_1_58' title='bbox 77 818 120 852; x_wconf 89' lang='lat' dir='ltr'>et</span> <span class='ocrx_word' id='word_1_59' title='bbox 140 818 235 851; x_wconf 89' lang='lat' dir='ltr'>tam</span> <span class='ocrx_word' id='word_1_60' title='bbox 261 812 455 851; x_wconf 88' lang='lat' dir='ltr'>solerter</span> <span class='ocrx_word' id='word_1_61' title='bbox 485 811 531 850; x_wconf 91' lang='lat' dir='ltr'>in</span> <span class='ocrx_word' id='word_1_62' title='bbox 559 812 696 850; x_wconf 89' lang='lat' dir='ltr'>domo</span> <span class='ocrx_word' id='word_1_63' title='bbox 727 810 1098 850; x_wconf 89' lang='lat' dir='ltr'>administranda</span> <span class='ocrx_word' id='word_1_64' title='bbox 1128 815 1172 849; x_wconf 93' lang='lat' dir='ltr'>et</span> <span class='ocrx_word' id='word_1_65' title='bbox 1198 809 1504 860; x_wconf 84' lang='lat' dir='ltr'>proventibus</span> <span class='ocrx_word' id='word_1_66' title='bbox 1532 808 1577 847; x_wconf 90' lang='lat' dir='ltr'>in</span> <span class='ocrx_word' id='word_1_67' title='bbox 1610 807 1708 847; x_wconf 82' lang='lat' dir='ltr'>dies</span> 
     </span>
     <span class='ocr_line' id='line_1_10' title="bbox 76 878 1707 932; baseline -0.003 -10"><span class='ocrx_word' id='word_1_68' title='bbox 76 882 225 923; x_wconf 88' lang='lat' dir='ltr'>auctis</span> <span class='ocrx_word' id='word_1_69' title='bbox 245 881 455 932; x_wconf 89' lang='lat' dir='ltr'>ditanda,</span> <span class='ocrx_word' id='word_1_70' title='bbox 479 888 528 921; x_wconf 93' lang='lat' dir='ltr'>ut</span> <span class='ocrx_word' id='word_1_71' title='bbox 550 893 684 921; x_wconf 92' lang='lat' dir='ltr'>nemo</span> <span class='ocrx_word' id='word_1_72' title='bbox 711 881 951 920; x_wconf 81' lang='lat' dir='ltr'>absentem</span> <span class='ocrx_word' id='word_1_73' title='bbox 977 880 1153 920; x_wconf 89' lang='lat' dir='ltr'>tamdiu</span> <span class='ocrx_word' id='word_1_74' title='bbox 1183 880 1411 920; x_wconf 84' lang='lat' dir='ltr'>Comitem</span> <span class='ocrx_word' id='word_1_75' title='bbox 1439 878 1707 918; x_wconf 87' lang='lat' dir='ltr'>desiderare</span> 
     </span>
     <span class='ocr_line' id='line_1_11' title="bbox 76 949 1707 1001; baseline -0.002 -9"><span class='ocrx_word' id='word_1_76' title='bbox 76 952 326 992; x_wconf 85' lang='lat' dir='ltr'>videretur.</span> <span class='ocrx_word' id='word_1_77' title='bbox 352 952 504 993; x_wconf 84' lang='lat' dir='ltr'>Rediit</span> <span class='ocrx_word' id='word_1_78' title='bbox 525 953 564 992; x_wconf 90' lang='lat' dir='ltr'>is</span> <span class='ocrx_word' id='word_1_79' title='bbox 586 951 774 992; x_wconf 91' lang='lat' dir='ltr'>tandem</span> <span class='ocrx_word' id='word_1_80' title='bbox 804 951 1049 1001; x_wconf 82' lang='lat' dir='ltr'>Flandria,</span> <span class='ocrx_word' id='word_1_81' title='bbox 1084 950 1193 990; x_wconf 85' lang='lat' dir='ltr'>Dux</span> <span class='ocrx_word' id='word_1_82' title='bbox 1220 950 1276 990; x_wconf 92' lang='lat' dir='ltr'>de</span> <span class='ocrx_word' id='word_1_83' title='bbox 1303 949 1649 990; x_wconf 91' lang='lat' dir='ltr'>Villahermosa</span> <span class='ocrx_word' id='word_1_84' title='bbox 1682 960 1707 987; x_wconf 90' lang='lat' dir='ltr'>a</span> 
     </span>
     <span class='ocr_line' id='line_1_12' title="bbox 76 1023 1707 1076; baseline -0.004 -11"><span class='ocrx_word' id='word_1_85' title='bbox 76 1025 286 1076; x_wconf 89' lang='lat' dir='ltr'>Philippo</span> <span class='ocrx_word' id='word_1_86' title='bbox 310 1024 349 1064; x_wconf 92' lang='grc' dir='ltr'>ΙΙ</span> <span class='ocrx_word' id='word_1_87' title='bbox 371 1035 536 1064; x_wconf 87' lang='lat' dir='ltr'>recens</span> <span class='ocrx_word' id='word_1_88' title='bbox 557 1028 763 1073; x_wconf 89' lang='lat' dir='ltr'>creatus,</span> <span class='ocrx_word' id='word_1_89' title='bbox 789 1023 869 1062; x_wconf 89' lang='lat' dir='ltr'>sed</span> <span class='ocrx_word' id='word_1_90' title='bbox 892 1033 1112 1062; x_wconf 87' lang='lat' dir='ltr'>reversus</span> <span class='ocrx_word' id='word_1_91' title='bbox 1132 1033 1329 1061; x_wconf 85' lang='lat' dir='ltr'>uxorem</span> <span class='ocrx_word' id='word_1_92' title='bbox 1348 1032 1442 1060; x_wconf 91' lang='lat' dir='ltr'>non</span> <span class='ocrx_word' id='word_1_93' title='bbox 1474 1027 1570 1060; x_wconf 90' lang='lat' dir='ltr'>tam</span> <span class='ocrx_word' id='word_1_94' title='bbox 1596 1031 1707 1070; x_wconf 90' lang='lat' dir='ltr'>gau-</span> 
     </span>
     <span class='ocr_line' id='line_1_13' title="bbox 78 1090 1708 1147; baseline -0.004 -11"><span class='ocrx_word' id='word_1_95' title='bbox 78 1097 152 1137; x_wconf 88' lang='lat' dir='ltr'>dio</span> <span class='ocrx_word' id='word_1_96' title='bbox 174 1107 313 1147; x_wconf 88' lang='lat' dir='ltr'>quam</span> <span class='ocrx_word' id='word_1_97' title='bbox 335 1095 494 1135; x_wconf 88' lang='lat' dir='ltr'>dolore</span> <span class='ocrx_word' id='word_1_98' title='bbox 515 1094 734 1146; x_wconf 84' lang='lat' dir='ltr'>replevit;</span> <span class='ocrx_word' id='word_1_99' title='bbox 759 1094 869 1133; x_wconf 90' lang='lat' dir='ltr'>dum</span> <span class='ocrx_word' id='word_1_100' title='bbox 890 1093 1012 1133; x_wconf 90' lang='lat' dir='ltr'>enim</span> <span class='ocrx_word' id='word_1_101' title='bbox 1033 1093 1080 1132; x_wconf 89' lang='lat' dir='ltr'>in</span> <span class='ocrx_word' id='word_1_102' title='bbox 1100 1092 1322 1132; x_wconf 85' lang='lat' dir='ltr'>Flandria</span> <span class='ocrx_word' id='word_1_103' title='bbox 1344 1092 1460 1141; x_wconf 83' lang='lat' dir='ltr'>egit,</span> <span class='ocrx_word' id='word_1_104' title='bbox 1486 1090 1708 1142; x_wconf 86' lang='lat' dir='ltr'>juvencu-</span> 
     </span>
     <span class='ocr_line' id='line_1_14' title="bbox 77 1162 1708 1215; baseline -0.004 -8"><span class='ocrx_word' id='word_1_105' title='bbox 77 1169 168 1207; x_wconf 92' lang='lat' dir='ltr'>lam</span> <span class='ocrx_word' id='word_1_106' title='bbox 201 1166 377 1206; x_wconf 87' lang='lat' dir='ltr'>familia</span> <span class='ocrx_word' id='word_1_107' title='bbox 411 1165 612 1206; x_wconf 91' lang='lat' dir='ltr'>nobilem</span> <span class='ocrx_word' id='word_1_108' title='bbox 648 1165 953 1205; x_wconf 86' lang='lat' dir='ltr'>adamaverat</span> <span class='ocrx_word' id='word_1_109' title='bbox 989 1175 1185 1215; x_wconf 90' lang='lat' dir='ltr'>eamque</span> <span class='ocrx_word' id='word_1_110' title='bbox 1214 1163 1261 1203; x_wconf 92' lang='lat' dir='ltr'>in</span> <span class='ocrx_word' id='word_1_111' title='bbox 1291 1163 1493 1214; x_wconf 89' lang='lat' dir='ltr'>patriam</span> <span class='ocrx_word' id='word_1_112' title='bbox 1524 1162 1708 1202; x_wconf 90' lang='lat' dir='ltr'>rediens</span> 
     </span>
     <span class='ocr_line' id='line_1_15' title="bbox 79 1233 1709 1288; baseline -0.004 -10"><span class='ocrx_word' id='word_1_113' title='bbox 79 1250 235 1279; x_wconf 88' lang='lat' dir='ltr'>secum</span> <span class='ocrx_word' id='word_1_114' title='bbox 255 1238 408 1288; x_wconf 90' lang='lat' dir='ltr'>duxit,</span> <span class='ocrx_word' id='word_1_115' title='bbox 432 1237 556 1277; x_wconf 86' lang='lat' dir='ltr'>Virili</span> <span class='ocrx_word' id='word_1_116' title='bbox 578 1237 760 1287; x_wconf 84' lang='lat' dir='ltr'>habitu,</span> <span class='ocrx_word' id='word_1_117' title='bbox 786 1236 920 1288; x_wconf 88' lang='lat' dir='ltr'>quasi</span> <span class='ocrx_word' id='word_1_118' title='bbox 941 1247 1061 1275; x_wconf 91' lang='lat' dir='ltr'>unus</span> <span class='ocrx_word' id='word_1_119' title='bbox 1082 1248 1136 1275; x_wconf 90' lang='lat' dir='ltr'>ea</span> <span class='ocrx_word' id='word_1_120' title='bbox 1165 1240 1288 1274; x_wconf 93' lang='lat' dir='ltr'>esset</span> <span class='ocrx_word' id='word_1_121' title='bbox 1315 1246 1373 1274; x_wconf 92' lang='lat' dir='ltr'>ex</span> <span class='ocrx_word' id='word_1_122' title='bbox 1402 1233 1709 1273; x_wconf 75' lang='lat' dir='ltr'>familiaribus</span> 
     </span>
     <span class='ocr_line' id='line_1_16' title="bbox 78 1304 1709 1360; baseline -0.004 -11"><span class='ocrx_word' id='word_1_123' title='bbox 78 1309 165 1350; x_wconf 93' lang='lat' dir='ltr'>sibi</span> <span class='ocrx_word' id='word_1_124' title='bbox 189 1309 381 1360; x_wconf 89' lang='lat' dir='ltr'>propius</span> <span class='ocrx_word' id='word_1_125' title='bbox 410 1308 727 1357; x_wconf 85' lang='lat' dir='ltr'>adstantibus,</span> <span class='ocrx_word' id='word_1_126' title='bbox 758 1307 984 1347; x_wconf 88' lang='lat' dir='ltr'>indutam.</span> <span class='ocrx_word' id='word_1_127' title='bbox 1018 1306 1150 1357; x_wconf 84' lang='lat' dir='ltr'>Quod</span> <span class='ocrx_word' id='word_1_128' title='bbox 1181 1306 1382 1345; x_wconf 88' lang='lat' dir='ltr'>immane</span> <span class='ocrx_word' id='word_1_129' title='bbox 1414 1304 1709 1356; x_wconf 89' lang='lat' dir='ltr'>probrosum-</span> 
     </span>
     <span class='ocr_line' id='line_1_17' title="bbox 78 1375 1707 1432; baseline -0.004 -12"><span class='ocrx_word' id='word_1_130' title='bbox 78 1392 165 1432; x_wconf 90' lang='lat' dir='ltr'>que</span> <span class='ocrx_word' id='word_1_131' title='bbox 186 1380 369 1420; x_wconf 87' lang='lat' dir='ltr'>facinus</span> <span class='ocrx_word' id='word_1_132' title='bbox 390 1385 439 1419; x_wconf 93' lang='lat' dir='ltr'>ut</span> <span class='ocrx_word' id='word_1_133' title='bbox 468 1379 659 1419; x_wconf 80' lang='lat' dir='ltr'>rescivit</span> <span class='ocrx_word' id='word_1_134' title='bbox 690 1378 913 1428; x_wconf 89' lang='lat' dir='ltr'>Ducissa‚</span> <span class='ocrx_word' id='word_1_135' title='bbox 949 1377 1197 1428; x_wconf 88' lang='lat' dir='ltr'>singulari,</span> <span class='ocrx_word' id='word_1_136' title='bbox 1228 1388 1368 1427; x_wconf 89' lang='lat' dir='ltr'>quam</span> <span class='ocrx_word' id='word_1_137' title='bbox 1396 1388 1423 1415; x_wconf 88' lang='lat' dir='ltr'>a</span> <span class='ocrx_word' id='word_1_138' title='bbox 1451 1375 1552 1415; x_wconf 91' lang='lat' dir='ltr'>Deo</span> <span class='ocrx_word' id='word_1_139' title='bbox 1579 1387 1707 1415; x_wconf 90' lang='lat' dir='ltr'>acce-</span> 
     </span>
     <span class='ocr_line' id='line_1_18' title="bbox 80 1448 1708 1503; baseline -0.004 -12"><span class='ocrx_word' id='word_1_140' title='bbox 80 1457 230 1503; x_wconf 84' lang='lat' dir='ltr'>perat,</span> <span class='ocrx_word' id='word_1_141' title='bbox 260 1450 506 1502; x_wconf 88' lang='lat' dir='ltr'>prudentia</span> <span class='ocrx_word' id='word_1_142' title='bbox 540 1450 585 1490; x_wconf 91' lang='lat' dir='ltr'>id</span> <span class='ocrx_word' id='word_1_143' title='bbox 622 1449 820 1490; x_wconf 89' lang='lat' dir='ltr'>obtinuit</span> <span class='ocrx_word' id='word_1_144' title='bbox 850 1454 898 1488; x_wconf 93' lang='lat' dir='ltr'>ut</span> <span class='ocrx_word' id='word_1_145' title='bbox 927 1460 1015 1488; x_wconf 91' lang='lat' dir='ltr'>nec</span> <span class='ocrx_word' id='word_1_146' title='bbox 1044 1448 1265 1488; x_wconf 90' lang='lat' dir='ltr'>maritum</span> <span class='ocrx_word' id='word_1_147' title='bbox 1293 1451 1596 1498; x_wconf 80' lang='lat' dir='ltr'>exasperaret</span> <span class='ocrx_word' id='word_1_148' title='bbox 1622 1457 1708 1485; x_wconf 93' lang='lat' dir='ltr'>nec</span> 
     </span>
     <span class='ocr_line' id='line_1_19' title="bbox 78 1518 1709 1573; baseline -0.004 -11"><span class='ocrx_word' id='word_1_149' title='bbox 78 1523 234 1563; x_wconf 85' lang='lat' dir='ltr'>lictum</span> <span class='ocrx_word' id='word_1_150' title='bbox 266 1522 363 1573; x_wconf 79' lang='lat' dir='ltr'>ers</span> <span class='ocrx_word' id='word_1_151' title='bbox 394 1533 583 1562; x_wconf 86' lang='lat' dir='ltr'>servum</span> <span class='ocrx_word' id='word_1_152' title='bbox 614 1522 800 1573; x_wconf 89' lang='lat' dir='ltr'>publica</span> <span class='ocrx_word' id='word_1_153' title='bbox 832 1520 1035 1560; x_wconf 87' lang='lat' dir='ltr'>afficeret</span> <span class='ocrx_word' id='word_1_154' title='bbox 1062 1518 1338 1570; x_wconf 89' lang='lat' dir='ltr'>ignominia,</span> <span class='ocrx_word' id='word_1_155' title='bbox 1370 1530 1450 1558; x_wconf 91' lang='lat' dir='ltr'>eos</span> <span class='ocrx_word' id='word_1_156' title='bbox 1481 1524 1637 1557; x_wconf 87' lang='lat' dir='ltr'>tamen</span> <span class='ocrx_word' id='word_1_157' title='bbox 1666 1523 1709 1557; x_wconf 90' lang='lat' dir='ltr'>et</span> 
     </span>
     <span class='ocr_line' id='line_1_20' title="bbox 77 1588 1710 1646; baseline -0.004 -12"><span class='ocrx_word' id='word_1_158' title='bbox 77 1593 188 1634; x_wconf 87' lang='lat' dir='ltr'>facti</span> <span class='ocrx_word' id='word_1_159' title='bbox 210 1594 499 1645; x_wconf 89' lang='lat' dir='ltr'>poenitentes</span> <span class='ocrx_word' id='word_1_160' title='bbox 520 1599 578 1644; x_wconf 87' lang='lat' dir='ltr'>et,</span> <span class='ocrx_word' id='word_1_161' title='bbox 604 1592 826 1644; x_wconf 88' lang='lat' dir='ltr'>quidquid</span> <span class='ocrx_word' id='word_1_162' title='bbox 848 1592 949 1643; x_wconf 90' lang='lat' dir='ltr'>ipsa</span> <span class='ocrx_word' id='word_1_163' title='bbox 967 1590 1177 1642; x_wconf 88' lang='lat' dir='ltr'>jusserit,</span> <span class='ocrx_word' id='word_1_164' title='bbox 1202 1596 1469 1641; x_wconf 87' lang='lat' dir='ltr'>praestare,</span> <span class='ocrx_word' id='word_1_165' title='bbox 1495 1588 1710 1646; x_wconf 90' lang='lat' dir='ltr'>redderet</span> 
     </span>
     <span class='ocr_line' id='line_1_21' title="bbox 79 1660 1709 1716; baseline -0.003 -12"><span class='ocrx_word' id='word_1_166' title='bbox 79 1665 414 1716; x_wconf 89' lang='lat' dir='ltr'>paratissimos.</span> <span class='ocrx_word' id='word_1_167' title='bbox 439 1665 599 1715; x_wconf 87' lang='lat' dir='ltr'>Itaque</span> <span class='ocrx_word' id='word_1_168' title='bbox 626 1664 1025 1703; x_wconf 86' lang='lat' dir='ltr'>adolescentulam</span> <span class='ocrx_word' id='word_1_169' title='bbox 1049 1662 1185 1714; x_wconf 88' lang='lat' dir='ltr'>jussit</span> <span class='ocrx_word' id='word_1_170' title='bbox 1216 1667 1259 1701; x_wconf 92' lang='lat' dir='ltr'>et</span> <span class='ocrx_word' id='word_1_171' title='bbox 1286 1661 1471 1701; x_wconf 84' lang='lat' dir='ltr'>virilem</span> <span class='ocrx_word' id='word_1_172' title='bbox 1500 1660 1709 1700; x_wconf 87' lang='lat' dir='ltr'>habitum</span> 
     </span>
     <span class='ocr_line' id='line_1_22' title="bbox 77 1730 1709 1787; baseline -0.004 -11"><span class='ocrx_word' id='word_1_173' title='bbox 77 1735 308 1787; x_wconf 84' lang='lat' dir='ltr'>deponere</span> <span class='ocrx_word' id='word_1_174' title='bbox 328 1736 693 1787; x_wconf 88' lang='lat' dir='ltr'>muliebremque</span> <span class='ocrx_word' id='word_1_175' title='bbox 716 1735 907 1775; x_wconf 90' lang='lat' dir='ltr'>induere</span> <span class='ocrx_word' id='word_1_176' title='bbox 929 1740 986 1784; x_wconf 89' lang='lat' dir='ltr'>et,</span> <span class='ocrx_word' id='word_1_177' title='bbox 1007 1740 1185 1774; x_wconf 90' lang='lat' dir='ltr'>mutato</span> <span class='ocrx_word' id='word_1_178' title='bbox 1208 1733 1409 1781; x_wconf 91' lang='lat' dir='ltr'>nomine,</span> <span class='ocrx_word' id='word_1_179' title='bbox 1434 1731 1632 1771; x_wconf 89' lang='lat' dir='ltr'>Mariam</span> <span class='ocrx_word' id='word_1_180' title='bbox 1653 1730 1709 1770; x_wconf 94' lang='lat' dir='ltr'>de</span> 
     </span>
     <span class='ocr_line' id='line_1_23' title="bbox 79 1801 1705 1858; baseline -0.004 -11"><span class='ocrx_word' id='word_1_181' title='bbox 79 1807 271 1857; x_wconf 85' lang='lat' dir='ltr'>Aragon</span> <span class='ocrx_word' id='word_1_182' title='bbox 299 1806 518 1858; x_wconf 87' lang='lat' dir='ltr'>deinceps</span> <span class='ocrx_word' id='word_1_183' title='bbox 550 1806 776 1858; x_wconf 89' lang='lat' dir='ltr'>appellari</span> <span class='ocrx_word' id='word_1_184' title='bbox 802 1812 847 1845; x_wconf 92' lang='lat' dir='ltr'>et</span> <span class='ocrx_word' id='word_1_185' title='bbox 874 1805 1073 1846; x_wconf 85' lang='lat' dir='ltr'>Pedrola</span> <span class='ocrx_word' id='word_1_186' title='bbox 1104 1804 1535 1854; x_wconf 87' lang='lat' dir='ltr'>Caesaraugustam</span> <span class='ocrx_word' id='word_1_187' title='bbox 1563 1801 1705 1841; x_wconf 87' lang='lat' dir='ltr'>abire.</span> 
     </span>
    </p>

    <p class='ocr_par' dir='ltr' id='par_1_4' title="bbox 32 1873 1710 2498">
     <span class='ocr_line' id='line_1_24' title="bbox 155 1873 1709 1927; baseline -0.004 -9"><span class='ocrx_word' id='word_1_188' title='bbox 155 1878 315 1918; x_wconf 85' lang='lat' dir='ltr'>Paruit</span> <span class='ocrx_word' id='word_1_189' title='bbox 335 1878 427 1927; x_wconf 89' lang='lat' dir='ltr'>illa,</span> <span class='ocrx_word' id='word_1_190' title='bbox 446 1884 489 1917; x_wconf 89' lang='lat' dir='ltr'>et</span> <span class='ocrx_word' id='word_1_191' title='bbox 506 1890 615 1917; x_wconf 90' lang='lat' dir='ltr'>mox</span> <span class='ocrx_word' id='word_1_192' title='bbox 633 1877 1040 1927; x_wconf 88' lang='lat' dir='ltr'>Caesaraugustae</span> <span class='ocrx_word' id='word_1_193' title='bbox 1058 1876 1105 1915; x_wconf 92' lang='lat' dir='ltr'>in</span> <span class='ocrx_word' id='word_1_194' title='bbox 1123 1876 1325 1927; x_wconf 88' lang='lat' dir='ltr'>quodam</span> <span class='ocrx_word' id='word_1_195' title='bbox 1343 1874 1532 1914; x_wconf 89' lang='lat' dir='ltr'>Ordinis</span> <span class='ocrx_word' id='word_1_196' title='bbox 1549 1873 1709 1914; x_wconf 83' lang='lat' dir='ltr'>Sancti</span> 
     </span>
     <span class='ocr_line' id='line_1_25' title="bbox 79 1946 1709 1999; baseline -0.003 -10"><span class='ocrx_word' id='word_1_197' title='bbox 79 1948 312 1989; x_wconf 88' lang='lat' dir='ltr'>Dominici</span> <span class='ocrx_word' id='word_1_198' title='bbox 333 1949 556 1988; x_wconf 89' lang='lat' dir='ltr'>coenobio</span> <span class='ocrx_word' id='word_1_199' title='bbox 578 1949 849 1999; x_wconf 86' lang='lat' dir='ltr'>religiosam</span> <span class='ocrx_word' id='word_1_200' title='bbox 866 1954 1032 1999; x_wconf 90' lang='lat' dir='ltr'>sponte</span> <span class='ocrx_word' id='word_1_201' title='bbox 1054 1959 1138 1986; x_wconf 91' lang='lat' dir='ltr'>sua</span> <span class='ocrx_word' id='word_1_202' title='bbox 1155 1946 1302 1986; x_wconf 85' lang='lat' dir='ltr'>vitam</span> <span class='ocrx_word' id='word_1_203' title='bbox 1324 1946 1539 1997; x_wconf 88' lang='lat' dir='ltr'>amplexa</span> <span class='ocrx_word' id='word_1_204' title='bbox 1561 1950 1643 1994; x_wconf 84' lang='lat' dir='ltr'>est,</span> <span class='ocrx_word' id='word_1_205' title='bbox 1664 1952 1709 1984; x_wconf 91' lang='lat' dir='ltr'>et</span> 
     </span>
     <span class='ocr_line' id='line_1_26' title="bbox 79 2015 1710 2070; baseline -0.004 -10"><span class='ocrx_word' id='word_1_206' title='bbox 79 2020 125 2060; x_wconf 93' lang='lat' dir='ltr'>in</span> <span class='ocrx_word' id='word_1_207' title='bbox 153 2033 207 2060; x_wconf 88' lang='lat' dir='ltr'>ea</span> <span class='ocrx_word' id='word_1_208' title='bbox 236 2021 453 2060; x_wconf 81' lang='lat' dir='ltr'>excelluit</span> <span class='ocrx_word' id='word_1_209' title='bbox 482 2020 599 2059; x_wconf 90' lang='lat' dir='ltr'>adeo</span> <span class='ocrx_word' id='word_1_210' title='bbox 627 2026 675 2059; x_wconf 93' lang='lat' dir='ltr'>ut</span> <span class='ocrx_word' id='word_1_211' title='bbox 703 2019 812 2070; x_wconf 88' lang='lat' dir='ltr'>eligi</span> <span class='ocrx_word' id='word_1_212' title='bbox 847 2024 1103 2059; x_wconf 88' lang='lat' dir='ltr'>mereretur</span> <span class='ocrx_word' id='word_1_213' title='bbox 1131 2017 1189 2057; x_wconf 89' lang='lat' dir='ltr'>ad</span> <span class='ocrx_word' id='word_1_214' title='bbox 1217 2017 1409 2057; x_wconf 91' lang='lat' dir='ltr'>alterius</span> <span class='ocrx_word' id='word_1_215' title='bbox 1437 2015 1710 2056; x_wconf 87' lang='lat' dir='ltr'>monasterii</span> 
     </span>
     <span class='ocr_line' id='line_1_27' title="bbox 79 2087 1709 2142; baseline -0.003 -11"><span class='ocrx_word' id='word_1_216' title='bbox 79 2092 227 2142; x_wconf 88' lang='lat' dir='ltr'>prima</span> <span class='ocrx_word' id='word_1_217' title='bbox 243 2090 512 2142; x_wconf 87' lang='lat' dir='ltr'>jaciendum</span> <span class='ocrx_word' id='word_1_218' title='bbox 532 2091 849 2141; x_wconf 86' lang='lat' dir='ltr'>fundamenta,</span> <span class='ocrx_word' id='word_1_219' title='bbox 869 2090 916 2130; x_wconf 92' lang='lat' dir='ltr'>in</span> <span class='ocrx_word' id='word_1_220' title='bbox 937 2101 1027 2141; x_wconf 90' lang='lat' dir='ltr'>quo</span> <span class='ocrx_word' id='word_1_221' title='bbox 1050 2090 1196 2129; x_wconf 83' lang='lat' dir='ltr'>vitam</span> <span class='ocrx_word' id='word_1_222' title='bbox 1217 2089 1404 2139; x_wconf 88' lang='lat' dir='ltr'>magnis</span> <span class='ocrx_word' id='word_1_223' title='bbox 1426 2088 1603 2127; x_wconf 90' lang='lat' dir='ltr'>claram</span> <span class='ocrx_word' id='word_1_224' title='bbox 1618 2087 1709 2127; x_wconf 88' lang='lat' dir='ltr'>vir-</span> 
     </span>
     <span class='ocr_line' id='line_1_28' title="bbox 79 2158 1709 2212; baseline -0.003 -10"><span class='ocrx_word' id='word_1_225' title='bbox 79 2163 254 2202; x_wconf 90' lang='lat' dir='ltr'>tutibus</span> <span class='ocrx_word' id='word_1_226' title='bbox 274 2163 463 2203; x_wconf 90' lang='lat' dir='ltr'>tandem</span> <span class='ocrx_word' id='word_1_227' title='bbox 485 2163 668 2202; x_wconf 89' lang='lat' dir='ltr'>clausit.</span> <span class='ocrx_word' id='word_1_228' title='bbox 692 2162 800 2202; x_wconf 88' lang='lat' dir='ltr'>Dux</span> <span class='ocrx_word' id='word_1_229' title='bbox 823 2168 993 2212; x_wconf 87' lang='lat' dir='ltr'>autem,</span> <span class='ocrx_word' id='word_1_230' title='bbox 1018 2167 1282 2201; x_wconf 87' lang='lat' dir='ltr'>erratorum</span> <span class='ocrx_word' id='word_1_231' title='bbox 1302 2159 1559 2211; x_wconf 90' lang='lat' dir='ltr'>poenitens,</span> <span class='ocrx_word' id='word_1_232' title='bbox 1584 2158 1709 2197; x_wconf 88' lang='lat' dir='ltr'>haud</span> 
     </span>
     <span class='ocr_line' id='line_1_29' title="bbox 32 2230 1708 2285; baseline -0.004 -10"><span class='ocrx_word' id='word_1_233' title='bbox 32 2275 34 2279; x_wconf 77' lang='grc'>,</span> <span class='ocrx_word' id='word_1_234' title='bbox 80 2235 289 2285; x_wconf 88' lang='lat' dir='ltr'>vulgaris</span> <span class='ocrx_word' id='word_1_235' title='bbox 310 2234 498 2285; x_wconf 90' lang='lat' dir='ltr'>pietatis</span> <span class='ocrx_word' id='word_1_236' title='bbox 519 2234 689 2273; x_wconf 89' lang='lat' dir='ltr'>indicia</span> <span class='ocrx_word' id='word_1_237' title='bbox 708 2233 864 2284; x_wconf 89' lang='lat' dir='ltr'>edidit,</span> <span class='ocrx_word' id='word_1_238' title='bbox 884 2232 1134 2284; x_wconf 89' lang='lat' dir='ltr'>postremis</span> <span class='ocrx_word' id='word_1_239' title='bbox 1156 2231 1434 2283; x_wconf 88' lang='lat' dir='ltr'>praesertim</span> <span class='ocrx_word' id='word_1_240' title='bbox 1450 2230 1575 2269; x_wconf 84' lang='lat' dir='ltr'>vitae</span> <span class='ocrx_word' id='word_1_241' title='bbox 1596 2240 1708 2269; x_wconf 92' lang='lat' dir='ltr'>suae</span> 
     </span>
     <span class='ocr_line' id='line_1_30' title="bbox 79 2302 1708 2356; baseline -0.003 -11"><span class='ocrx_word' id='word_1_242' title='bbox 79 2306 232 2356; x_wconf 89' lang='lat' dir='ltr'>annis,</span> <span class='ocrx_word' id='word_1_243' title='bbox 257 2317 362 2345; x_wconf 92' lang='lat' dir='ltr'>cum</span> <span class='ocrx_word' id='word_1_244' title='bbox 384 2306 430 2345; x_wconf 92' lang='lat' dir='ltr'>in</span> <span class='ocrx_word' id='word_1_245' title='bbox 459 2305 841 2346; x_wconf 89' lang='lat' dir='ltr'>Cisterciensium</span> <span class='ocrx_word' id='word_1_246' title='bbox 869 2303 1073 2344; x_wconf 85' lang='lat' dir='ltr'>Verulae</span> <span class='ocrx_word' id='word_1_247' title='bbox 1102 2302 1460 2352; x_wconf 87' lang='lat' dir='ltr'>monasterium,</span> <span class='ocrx_word' id='word_1_248' title='bbox 1494 2313 1583 2353; x_wconf 92' lang='lat' dir='ltr'>quo</span> <span class='ocrx_word' id='word_1_249' title='bbox 1615 2312 1708 2340; x_wconf 90' lang='lat' dir='ltr'>mo-</span> 
     </span>
     <span class='ocr_line' id='line_1_31' title="bbox 80 2372 1709 2427; baseline -0.004 -11"><span class='ocrx_word' id='word_1_250' title='bbox 80 2377 335 2416; x_wconf 87' lang='lat' dir='ltr'>nachorum</span> <span class='ocrx_word' id='word_1_251' title='bbox 357 2376 419 2416; x_wconf 89' lang='lat' dir='ltr'>ibi</span> <span class='ocrx_word' id='word_1_252' title='bbox 440 2376 708 2427; x_wconf 89' lang='lat' dir='ltr'>degentium</span> <span class='ocrx_word' id='word_1_253' title='bbox 728 2377 808 2427; x_wconf 90' lang='lat' dir='ltr'>pia</span> <span class='ocrx_word' id='word_1_254' title='bbox 829 2376 1055 2416; x_wconf 87' lang='lat' dir='ltr'>exercitia</span> <span class='ocrx_word' id='word_1_255' title='bbox 1077 2379 1346 2427; x_wconf 88' lang='lat' dir='ltr'>perageret,</span> <span class='ocrx_word' id='word_1_256' title='bbox 1372 2372 1507 2413; x_wconf 89' lang='lat' dir='ltr'>statis</span> <span class='ocrx_word' id='word_1_257' title='bbox 1533 2378 1709 2422; x_wconf 88' lang='lat' dir='ltr'>tempo-</span> 
     </span>
     <span class='ocr_line' id='line_1_32' title="bbox 81 2446 1315 2498; baseline -0.002 -11"><span class='ocrx_word' id='word_1_258' title='bbox 81 2447 204 2488; x_wconf 86' lang='lat' dir='ltr'>ribus</span> <span class='ocrx_word' id='word_1_259' title='bbox 224 2459 311 2488; x_wconf 91' lang='lat' dir='ltr'>nec</span> <span class='ocrx_word' id='word_1_260' title='bbox 332 2449 527 2488; x_wconf 93' lang='lat' dir='ltr'>multum</span> <span class='ocrx_word' id='word_1_261' title='bbox 548 2448 667 2488; x_wconf 89' lang='lat' dir='ltr'>inter</span> <span class='ocrx_word' id='word_1_262' title='bbox 689 2459 738 2487; x_wconf 92' lang='lat' dir='ltr'>se</span> <span class='ocrx_word' id='word_1_263' title='bbox 760 2447 950 2495; x_wconf 88' lang='lat' dir='ltr'>dissitis,</span> <span class='ocrx_word' id='word_1_264' title='bbox 975 2458 1024 2487; x_wconf 92' lang='lat' dir='ltr'>se</span> <span class='ocrx_word' id='word_1_265' title='bbox 1044 2446 1315 2498; x_wconf 89' lang='lat' dir='ltr'>recipiebat.</span> 
     </span>
    </p>

    <p class='ocr_par' dir='ltr' id='par_1_5' title="bbox 79 2515 1711 2854">
     <span class='ocr_line' id='line_1_33' title="bbox 157 2515 1709 2571; baseline -0.004 -11"><span class='ocrx_word' id='word_1_266' title='bbox 157 2519 295 2560; x_wconf 88' lang='lat' dir='ltr'>Anno</span> <span class='ocrx_word' id='word_1_267' title='bbox 321 2520 421 2559; x_wconf 89' lang='lat'>1555</span> <span class='ocrx_word' id='word_1_268' title='bbox 439 2520 751 2570; x_wconf 87' lang='lat' dir='ltr'>gravissimae</span> <span class='ocrx_word' id='word_1_269' title='bbox 773 2520 820 2559; x_wconf 92' lang='lat' dir='ltr'>in</span> <span class='ocrx_word' id='word_1_270' title='bbox 836 2518 1118 2559; x_wconf 86' lang='lat' dir='ltr'>Societatem</span> <span class='ocrx_word' id='word_1_271' title='bbox 1133 2518 1247 2571; x_wconf 91' lang='lat' dir='ltr'>Jesu</span> <span class='ocrx_word' id='word_1_272' title='bbox 1268 2517 1431 2557; x_wconf 87' lang='lat' dir='ltr'>turbae</span> <span class='ocrx_word' id='word_1_273' title='bbox 1454 2515 1709 2556; x_wconf 90' lang='lat' dir='ltr'>Caesarau-</span> 
     </span>
     <span class='ocr_line' id='line_1_34' title="bbox 79 2586 1711 2641; baseline -0.004 -11"><span class='ocrx_word' id='word_1_274' title='bbox 79 2596 244 2640; x_wconf 85' lang='lat' dir='ltr'>gustae</span> <span class='ocrx_word' id='word_1_275' title='bbox 279 2591 511 2631; x_wconf 85' lang='lat' dir='ltr'>excitatae</span> <span class='ocrx_word' id='word_1_276' title='bbox 547 2590 690 2631; x_wconf 89' lang='lat' dir='ltr'>fuere.</span> <span class='ocrx_word' id='word_1_277' title='bbox 719 2591 850 2631; x_wconf 89' lang='lat' dir='ltr'>Tunc</span> <span class='ocrx_word' id='word_1_278' title='bbox 883 2602 997 2630; x_wconf 86' lang='lat' dir='ltr'>vero</span> <span class='ocrx_word' id='word_1_279' title='bbox 1030 2589 1335 2641; x_wconf 89' lang='lat' dir='ltr'>praecipuum</span> <span class='ocrx_word' id='word_1_280' title='bbox 1369 2586 1550 2627; x_wconf 89' lang='lat' dir='ltr'>afflictis</span> <span class='ocrx_word' id='word_1_281' title='bbox 1584 2592 1628 2626; x_wconf 90' lang='lat' dir='ltr'>et</span> <span class='ocrx_word' id='word_1_282' title='bbox 1664 2586 1711 2625; x_wconf 92' lang='lat' dir='ltr'>in</span> 
     </span>
     <span class='ocr_line' id='line_1_35' title="bbox 83 2656 1709 2712; baseline -0.003 -12"><span class='ocrx_word' id='word_1_283' title='bbox 83 2661 269 2701; x_wconf 85' lang='lat' dir='ltr'>exilium</span> <span class='ocrx_word' id='word_1_284' title='bbox 296 2662 414 2702; x_wconf 88' lang='lat' dir='ltr'>actis</span> <span class='ocrx_word' id='word_1_285' title='bbox 443 2662 582 2702; x_wconf 92' lang='lat' dir='ltr'>sociis</span> <span class='ocrx_word' id='word_1_286' title='bbox 610 2662 845 2712; x_wconf 86' lang='lat' dir='ltr'>refugium</span> <span class='ocrx_word' id='word_1_287' title='bbox 872 2661 957 2701; x_wconf 87' lang='lat' dir='ltr'>fuit</span> <span class='ocrx_word' id='word_1_288' title='bbox 986 2660 1252 2710; x_wconf 82' lang='lat' dir='ltr'>Ludovica;</span> <span class='ocrx_word' id='word_1_289' title='bbox 1284 2671 1364 2699; x_wconf 93' lang='lat' dir='ltr'>eos</span> <span class='ocrx_word' id='word_1_290' title='bbox 1390 2657 1514 2698; x_wconf 91' lang='lat' dir='ltr'>enim</span> <span class='ocrx_word' id='word_1_291' title='bbox 1540 2657 1587 2697; x_wconf 91' lang='lat' dir='ltr'>in</span> <span class='ocrx_word' id='word_1_292' title='bbox 1613 2656 1709 2697; x_wconf 89' lang='lat' dir='ltr'>suis</span> 
     </span>
     <span class='ocr_line' id='line_1_36' title="bbox 82 2729 1707 2784; baseline -0.002 -13"><span class='ocrx_word' id='word_1_293' title='bbox 82 2732 271 2773; x_wconf 90' lang='lat' dir='ltr'>aedibus</span> <span class='ocrx_word' id='word_1_294' title='bbox 291 2731 517 2772; x_wconf 87' lang='lat' dir='ltr'>Pedrolae</span> <span class='ocrx_word' id='word_1_295' title='bbox 546 2733 729 2784; x_wconf 87' lang='lat' dir='ltr'>excepit</span> <span class='ocrx_word' id='word_1_296' title='bbox 759 2733 976 2784; x_wconf 92' lang='lat' dir='ltr'>omnique</span> <span class='ocrx_word' id='word_1_297' title='bbox 1004 2731 1174 2781; x_wconf 85' lang='lat' dir='ltr'>officio,</span> <span class='ocrx_word' id='word_1_298' title='bbox 1206 2731 1367 2771; x_wconf 90' lang='lat' dir='ltr'>diebus</span> <span class='ocrx_word' id='word_1_299' title='bbox 1394 2729 1707 2781; x_wconf 88' lang='lat' dir='ltr'>quadraginta</span> 
     </span>
     <span class='ocr_line' id='line_1_37' title="bbox 82 2801 1110 2854; baseline 0 -11"><span class='ocrx_word' id='word_1_300' title='bbox 82 2801 245 2853; x_wconf 90' lang='lat' dir='ltr'>quibus</span> <span class='ocrx_word' id='word_1_301' title='bbox 266 2803 646 2854; x_wconf 83' lang='lat' dir='ltr'>Caesaraugusta</span> <span class='ocrx_word' id='word_1_302' title='bbox 666 2804 930 2852; x_wconf 90' lang='lat' dir='ltr'>exularunt,</span> <span class='ocrx_word' id='word_1_303' title='bbox 955 2803 1110 2843; x_wconf 89' lang='lat' dir='ltr'>coluit.</span> 
     </span>
    </p>

    <p class='ocr_par' dir='ltr' id='par_1_6' title="bbox 83 2872 1708 2997">
     <span class='ocr_line' id='line_1_38' title="bbox 160 2872 1708 2926; baseline -0.003 -13"><span class='ocrx_word' id='word_1_304' title='bbox 160 2872 316 2914; x_wconf 88' lang='lat' dir='ltr'>Fratri</span> <span class='ocrx_word' id='word_1_305' title='bbox 335 2886 419 2914; x_wconf 90' lang='lat' dir='ltr'>suo</span> <span class='ocrx_word' id='word_1_306' title='bbox 436 2874 705 2925; x_wconf 90' lang='lat' dir='ltr'>Francisco,</span> <span class='ocrx_word' id='word_1_307' title='bbox 724 2875 925 2926; x_wconf 85' lang='lat' dir='ltr'>primum</span> <span class='ocrx_word' id='word_1_308' title='bbox 946 2885 1132 2914; x_wconf 90' lang='lat' dir='ltr'>sacrum</span> <span class='ocrx_word' id='word_1_309' title='bbox 1154 2874 1351 2924; x_wconf 84' lang='lat' dir='ltr'>facturo,</span> <span class='ocrx_word' id='word_1_310' title='bbox 1370 2878 1526 2912; x_wconf 89' lang='lat' dir='ltr'>vestes</span> <span class='ocrx_word' id='word_1_311' title='bbox 1546 2882 1708 2911; x_wconf 91' lang='lat' dir='ltr'>sacras</span> 
     </span>
     <span class='ocr_line' id='line_1_39' title="bbox 83 2943 1436 2997; baseline 0.001 -15"><span class='ocrx_word' id='word_1_312' title='bbox 83 2944 235 2984; x_wconf 87' lang='lat' dir='ltr'>aureis</span> <span class='ocrx_word' id='word_1_313' title='bbox 255 2945 509 2997; x_wconf 89' lang='lat' dir='ltr'>sericisque</span> <span class='ocrx_word' id='word_1_314' title='bbox 530 2945 617 2985; x_wconf 87' lang='lat' dir='ltr'>filis</span> <span class='ocrx_word' id='word_1_315' title='bbox 638 2946 694 2985; x_wconf 90' lang='lat' dir='ltr'>ab</span> <span class='ocrx_word' id='word_1_316' title='bbox 716 2945 817 2997; x_wconf 86' lang='lat' dir='ltr'>ipsa</span> <span class='ocrx_word' id='word_1_317' title='bbox 839 2950 1031 2985; x_wconf 86' lang='lat' dir='ltr'>ornatas</span> <span class='ocrx_word' id='word_1_318' title='bbox 1050 2945 1279 2996; x_wconf 84' lang='lat' dir='ltr'>Loyolam</span> <span class='ocrx_word' id='word_1_319' title='bbox 1299 2943 1436 2984; x_wconf 90' lang='lat' dir='ltr'>misit.</span> 
     </span>
    </p>

    <p class='ocr_par' dir='ltr' id='par_1_7' title="bbox 162 3013 1710 3067">
     <span class='ocr_line' id='line_1_40' title="bbox 162 3013 1710 3067; baseline -0.003 -13"><span class='ocrx_word' id='word_1_320' title='bbox 162 3013 299 3055; x_wconf 90' lang='lat' dir='ltr'>Teste</span> <span class='ocrx_word' id='word_1_321' title='bbox 320 3014 417 3067; x_wconf 88' lang='lat' dir='ltr'>ejus</span> <span class='ocrx_word' id='word_1_322' title='bbox 437 3016 697 3067; x_wconf 89' lang='lat' dir='ltr'>biographo</span> <span class='ocrx_word' id='word_1_323' title='bbox 712 3015 760 3056; x_wconf 88' lang='lat' dir='ltr'>P.</span> <span class='ocrx_word' id='word_1_324' title='bbox 785 3015 1010 3066; x_wconf 90' lang='lat' dir='ltr'>Muniesa,</span> <span class='ocrx_word' id='word_1_325' title='bbox 1031 3015 1365 3056; x_wconf 90' lang='lat' dir='ltr'>commercium</span> <span class='ocrx_word' id='word_1_326' title='bbox 1384 3026 1466 3066; x_wconf 93' lang='lat' dir='ltr'>per</span> <span class='ocrx_word' id='word_1_327' title='bbox 1487 3013 1710 3065; x_wconf 89' lang='lat' dir='ltr'>epistolas</span> 
     </span>
    </p>
   </div>
  </div>
 </body>
</html>
