1969 3293
195 267 267 304 838
762 277 892 303 mpssx
920 277 1274 304 DOCUMENTORUM

1714 367 1810 399 Pags.

193 436 356 476 Petrus
377 436 647 476 Ludovicus
670 436 904 476 Galceran
927 437 982 476 (16
1006 436 1146 487 Borja
1169 444 1212 477 et
1230 437 1398 478 Castro
1420 439 1559 479 Pinos
1571 469 1687 480 .....
1752 440 1830 480 4312

192 508 399 559 Epistola
423 508 707 547 Franciscae
731 509 786 547 (16.
810 508 977 548 Castro
1001 508 1140 549 Pinos
1163 509 1576 551 Commendatario
1601 523 1692 552 ma—

240 578 328 630 jori
352 578 649 629 Legionensi,
674 579 930 620 Erant-iseo
952 580 1008 620 de
1030 581 1099 620 los
1116 581 1268 621 Cobos
1276 612 1687 623 ................
1752 584 1830 625 435

191 652 397 703 Epistola
414 650 539 691 Petri
556 651 782 691 Ludovici
802 652 1036 691 (Traleeran
1055 651 1110 692 de
1134 652 1268 704 Borja
1287 654 1345 693 ad
1363 654 1622 707 Philippum
1641 656 1694 707 II,

243 723 857 774 Regem.................
1754 729 1832 770 436

189 795 400 846 Epistola
424 794 531 834 Dni.
553 793 743 834 Guerau
760 795 879 845 Bou,
902 796 1079 836 ordinis
1097 796 1354 838 Montesiae
1373 798 1584 851 Supremi
1602 801 1693 842 Ma—

242 867 400 919 gistri,
425 865 483 906 ad
505 866 812 906 Franciscum
834 867 889 906 (16
910 867 980 907 los
1002 867 1155 907 Cobos
1169 899 1688 911 ....................
1754 874 1830 914 437

190 939 397 991 Epistola
420 939 569 978 altera
590 938 715 978 Petri
737 937 964 978 Ludovici
988 939 1221 980 Galoeran
1251 941 1306 981 (16
1337 942 1478 995 Borja
1506 944 1565 985 ad
1595 945 1695 985 Phi-

242 1011 419 1063 lippum
441 1010 478 1050 ΙΙ
490 1039 1416 1052 ...................................
1439 1046 1443 1049 ,
1465 1046 1689 1055 .........
1754 1018 1832 1058 439

188 1083 399 1134 Epistola
421 1082 557 1122 tertia
580 1080 787 1132 ejusden]
811 1082 870 1122 ad
891 1083 1118 1124 eumdem.
1135 1115 1142 1123 .
1161 1116 1168 1123 .
1189 1114 1196 1122 .
1216 1117 1223 1124 .
1244 1115 1252 1123 .
1272 1117 1277 1126 2
1296 1116 1687 1128 ...............
1751 1090 1830 1130 440

190 1154 401 1206 Epistola
438 1153 722 1194 Franciscae
759 1152 814 1193 de
847 1153 1013 1194 Castro
1051 1161 1094 1195 et
1126 1156 1278 1208 Pinos,
1314 1157 1542 1200 Ducissae
1574 1148 1695 1201 Ganss

241 1226 367 1278 diae,
394 1225 606 1277 Philippo
627 1225 665 1266 H
678 1255 1688 1271 ......................................
1753 1233 1830 1274 442

188 1298 404 1349 Magistri
439 1297 696 1338 Montesiae
734 1298 1021 1339 consuetudo
1058 1311 1164 1340 Cum
1200 1299 1247 1341 S.
1284 1302 1468 1352 Ignatio
1511 1304 1566 1344 (16
1608 1305 1694 1344 Lo-

239 1371 347 1422 yola
356 1399 1690 1415 ..................................................
1754 1377 1832 1417 443

190 1442 402 1493 Epistola
423 1441 548 1481 Petri
569 1441 751 1481 Ludov.
777 1441 834 1481 G
838 1443 960 1481 tlcel
953 1454 1011 1482 ιη
1041 1443 1097 1483 (16
1128 1444 1266 1525 ija
1296 1445 1354 1484 ad
1384 1445 1430 1486 S.
1463 1447 1562 1498 Ign
1566 1448 1698 1488 1tium

243 1513 299 1554 de
324 1514 425 1565 Loy
430 1514 503 1553 ola
516 1543 1690 1559 ............................................
1754 1520 1832 1560 444

192 1585 247 1624 'W
241 1585 417 1636 {gisttr
436 1584 695 1625 Montesiae
708 1584 873 1624 Potius
891 1584 1072 1626 Ludov.
1093 1587 1131 1627 G
1138 1588 1261 1627 ’11661
1266 1601 1323 1628 an
1339 1589 1394 1628 (16
1408 1590 1472 1629 Bm
1467 1590 1562 1640 ›1j;,1
1579 1591 1634 1631 Μ
1641 1605 1696 1630 u-

243 1657 347 1697 chio
369 1657 423 1696 de
456 1655 694 1697 Navarres
708 1687 1688 1702 ....................................
1754 1663 1831 1703 445

189 1729 406 1780 Magistri
441 1728 700 1768 Montesiae
737 1729 1085 1770 matrimonium
1117 1743 1222 1771 cum
1254 1731 1308 1771 D.
1342 1733 1571 1774 Eleonora
1604 1735 1695 1775 Ma-

242 1802 348 1841 nuel
357 1830 1685 1845 .................................................
1750 1807 1827 1847 445

192 1873 400 1923 Epistola
432 1872 634 1924 Capituli
664 1873 916 1925 primariae
947 1874 1183 1915 Ecclesiae
1221 1875 1496 1918 Valentinae
1528 1878 1693 1930 Philip·

243 1956 302 1996 po
323 1944 382 1993 II,
408 1944 524 1995 Regi
537 1974 1629 1990 .........................................
1654 1984 1657 1986 .
1680 1983 1684 1988 ,
1750 1952 1829 1992 446

191 2016 451 2057 Montesiae
473 2015 700 2067 Magister
723 2023 765 2056 et
788 2016 964 2057 familia
988 2017 1140 2058 Pardo
1163 2019 1217 2058 de
1240 2021 1282 2060 la
1307 2020 1469 2061 Casta.
1489 2054 1495 2060 .
1515 2054 1521 2060 .
1544 2052 1551 2059 .
1599 2054 1604 2059 .
1626 2055 1631 2060 .
1656 2055 1657 2058 ,
1680 2055 1684 2060 .
1751 2014 1828 2063 447

191 2088 399 2140 Epistola
422 2087 545 2127 Petri
566 2087 720 2128 Pardo
743 2088 798 2128 cle
820 2090 862 2128 la
885 2088 1028 2129 Casta
1048 2089 1260 2143 Philippo
1289 2091 1325 2132 ΙΙ
1335 2124 1687 2135 ..............
1752 2095 1828 2135 447

192 2158 356 2199 Petrus
376 2159 643 2199 Ludovicus
666 2158 898 2200 Galeeran
931 2161 987 2200 (16
1008 2160 1171 2212 Borja,
1196 2162 1240 2202 in
1268 2163 1431 2204 Africa
1457 2165 1634 2206 Prorex
1652 2173 1695 2207 et

244 2230 545 2271 Gubernator
574 2231 700 2272 urbis
729 2231 857 2272 Oran
872 2263 1688 2279 ...............................
1753 2240 1831 2279 440

194 2303 306 2355 Agit
328 2303 494 2343 Petrus
521 2302 791 2344 Ludovicus
820 2304 875 2344 (le
906 2304 1168 2346 abdicando
1191 2320 1240 2346 se
1263 2319 1453 2349 munere
1481 2310 1697 2362 Magistri

246 2375 505 2416 Montesiae
513 2405 1501 2422 .....................................
1523 2413 1526 2415 Α
1547 2412 1691 2423 ......
1754 2385 1833 2425 450

191 2447 356 2487 Petrus
378 2447 648 2487 Ludovieus
670 2447 976 2489 Catalauniae
1002 2448 1180 2491 Prorex
1192 2481 1738 2494 ....................
1754 2456 1828 2496 451

192 2519 428 2570 Epistolae
452 2526 546 2559 tres
568 2519 769 2571 Philippi
792 2520 829 2560 Il
852 2521 907 2560 ad
939 2521 1246 2563 Catalauniae
1278 2523 1532 2576 Proregem
1547 2557 1689 2566 ......
1752 2528 1831 2569 452

192 2590 314 2630 Petri
337 2590 565 2630 Ludoviei
588 2590 740 2631 obitus
770 2598 813 2631 et
841 2593 1046 2643 elogium
1060 2623 1690 2638 ........................
1754 2600 1832 2641 455

193 2661 402 2702 Didacus
423 2662 478 2702 de
500 2661 637 2713 Borja
661 2668 705 2702 et
727 2662 894 2704 Castro
916 2663 1054 2704 Pi116s
1062 2695 1690 2710 ........................
1755 2671 1823 2711 461

193 2733 263 2773 136
285 2733 480 2773 crimine
502 2745 557 2773 ae
586 2734 815 2785 supplicio
843 2734 1010 2776 Didaci
1041 2735 1097 2776 de
1133 2737 1270 2789 Borja
1308 2741 1492 2791 publica
1529 2743 1697 2783 instru-

244 2811 400 2844 menta
407 2834 878 2845 ..................
898 2837 903 2840 .
924 2837 1690 2854 ............................
1753 2815 1832 2856 465

194 2875 227 2915 Ι.
279 2875 463 2916 Causae
502 2877 889 2928 apprehensionis
928 2885 972 2918 et
1007 2879 1322 2923 damnationis
1356 2883 1413 2923 D.
1451 2883 1619 2926 Didaci
1654 2892 1698 2926 et

248 2947 303 2987 D.
326 2946 528 3000 Philippi
555 2948 611 2988 de
632 2948 770 3000 Borja
784 2980 1690 2996 ................................
1754 2958 1832 2998 466

194 3018 246 3058 ΙΙ.
273 3017 486 3070 Philippo
507 3019 546 3060 ΙΙ
568 3019 732 3060 Petrus
754 3020 936 3062 Ludov.
960 3022 1195 3064 Galceran
1228 3025 1284 3065 de
1314 3026 1452 3077 Borja
1485 3040 1569 3078 pro
1602 3029 1697 3069 suis
1867 3071 1871 3073 Α

247 3088 471 3130 fratribus
500 3090 682 3131 Didaco
704 3098 748 3132 et
775 3092 989 3145 Philippo
1001 3125 1691 3138 ..........................
1755 3100 1832 3140 467
