1969 3293
169 230 240 266 836
696 238 829 264 INDEX
858 237 1211 264 DOCUMENTORUM

1691 322 1795 356 Pags.

171 397 228 437 D.
253 396 453 437 Carolus
475 395 530 435 de
552 394 691 446 Borja
713 406 850 434 suum
870 400 1051 446 patrem
1074 394 1234 434 invisit
1255 423 1671 433 ................
1733 394 1812 434 314

171 468 381 519 Epistola
403 466 563 507 Sancti
585 465 756 515 Ignatii
777 465 832 506 (16
864 466 1041 517 Loyola
1063 465 1121 506 ad
1148 465 1205 505 D.
1230 464 1451 505 Carolum
1484 464 1540 505 de
1567 465 1676 505 Bor-

220 537 284 589 ja,
310 538 631 578 Mai-ebionem
653 537 709 577 de
728 537 943 588 Lombay
953 565 1670 576 ...........................
1733 536 1810 576 317

171 609 382 661 Epistola
405 609 463 649 D.
488 608 645 649 Caroli
668 608 724 648 de
745 606 883 659 Borja
906 608 965 648 ad
985 607 1034 648 P.
1063 607 1315 647 Polancum
1333 634 1670 647 .............
1733 608 1811 648 322

171 680 279 720 Alia
304 680 499 732 epistola
521 678 730 730 ejusdem
751 679 809 719 D.
833 678 990 719 Caroli
1011 679 1068 719 ad
1090 678 1137 719 P.
1172 678 1428 719 Polancum
1440 708 1669 719 .........
1733 680 1812 719 323

171 752 228 791 D.
253 751 450 792 Carolus
473 751 688 791 Genuam
711 762 736 790 a
758 750 972 802 Philippo
994 749 1033 790 ΙΙ
1054 750 1289 790 mittitur..
1310 782 1317 788 .
1336 781 1344 788 .
1366 781 1373 788 .
1392 780 1399 788 .
1420 781 1426 787 .
1446 781 1454 790 .
1472 780 1482 789 .
1502 781 1508 788 .
1530 781 1536 789 .
1556 780 1564 788 .
1583 781 1590 789 .
1611 782 1617 789 .
1635 780 1644 789 .
1661 780 1671 789 .
1734 750 1814 791 325

171 823 379 875 Epistola
402 822 459 862 D.
484 822 651 862 Alvari
673 822 728 862 de
749 822 907 862 Bazan
930 821 989 862 ad
1010 821 1276 873 Philippum
1294 821 1331 862 ΙΙ
1339 851 1670 861 .............
1733 822 1812 862 326

171 893 461 946 EpistolaD.
486 893 644 934 Caroli
666 893 722 934 de
743 892 885 944 Borja
908 892 967 933 ad
988 892 1253 944 Philippum
1275 892 1314 932 ΙΙ
1336 922 1671 932 .............
1733 893 1811 933 327

171 965 277 1006 Alia
300 965 496 1017 epistola
518 964 725 1016 ejusdem
748 964 806 1004 ad
824 964 1039 1004 eumdem
1045 993 1509 1004 .................
1520 956 1536 1003 ’.
1555 995 1563 1002 .
1582 996 1589 1003 .
1610 995 1617 1003 .
1638 995 1644 1002 .
1663 995 1672 1003 .
1734 964 1817 1005 328

172 1036 227 1077 D.
253 1036 452 1077 Carolus
474 1036 529 1076 de
552 1035 714 1087 Borja,
744 1047 990 1087 supremus
1018 1035 1210 1075 militiae
1237 1035 1532 1086 Praefectus,
1568 1035 1675 1076 Por-

222 1108 446 1159 tugalliae
465 1137 1424 1147 ...................................
1424 1102 1432 1112 ’
1445 1136 1671 1147 .........
1734 1107 1759 1147 3
1762 1108 1815 1147 29

172 1179 412 1231 Philippus
434 1179 471 1220 II
492 1179 674 1220 Ducem
690 1179 904 1220 Gandiae
926 1178 1147 1219 Carolum
1169 1179 1329 1219 invisit
1338 1208 1669 1219 .............
1731 1179 1812 1219 330

171 1251 378 1291 Litterae
399 1250 457 1291 D.
482 1250 639 1292 Caroli
660 1251 719 1291 acl
740 1251 797 1291 D.
821 1251 1052 1304 Joannem
1074 1250 1308 1301 Idiaquez‚
1327 1249 1383 1290 de
1401 1249 1675 1301 Aragoniae

219 1322 653 1374 perturbationibus
683 1334 807 1362 anno
840 1321 1012 1361 1591...
1033 1352 1041 1360 .
1063 1354 1066 1357 .
1087 1351 1666 1362 ......................
1729 1322 1810 1362 333

170 1392 304 1433 Aliae
326 1394 511 1434 litterae
533 1392 741 1444 ejusdem
762 1394 820 1434 ad
842 1393 1082 1434 eumdem.
1111 1423 1145 1431 ..
1166 1424 1173 1431 .
1192 1422 1200 1430 .
1218 1423 1227 1431 .
1247 1423 1253 1430 .
1274 1424 1281 1431 .
1300 1423 1308 1430 .
1328 1425 1334 1432 .
1356 1425 1361 1431 .
1383 1423 1415 1432 ..
1437 1424 1444 1431 .
1463 1424 1471 1433 .
1490 1424 1499 1433 .
1517 1423 1526 1432 .
1546 1425 1554 1432 .
1574 1424 1581 1431 .
1602 1425 1609 1432 .
1627 1424 1664 1433 ..
1730 1394 1811 1434 335

170 1464 334 1504 Exitus
352 1463 544 1516 jubilaei
566 1477 689 1505 anno
715 1465 812 1504 1551
836 1464 1069 1505 Gandiae.
1089 1495 1096 1502 .
1116 1495 1123 1502 .
1141 1497 1149 1503 .
1168 1495 1176 1502 .
1195 1495 1203 1503 .
1223 1496 1230 1503 .
1249 1494 1257 1502 .
1277 1495 1285 1502 .
1305 1496 1311 1502 .
1331 1495 1339 1502 .
1359 1495 1366 1503 .
1387 1495 1395 1502 .
1415 1494 1473 1502 ...
1495 1494 1503 1503 .
1522 1495 1529 1502 .
1549 1496 1556 1504 .
1576 1495 1584 1503 .
1604 1495 1611 1502 .
1631 1495 1667 1504 ..
1732 1464 1812 1504 336

168 1535 225 1576 D.
251 1536 464 1586 Carolus,
490 1537 762 1577 monasterii
785 1529 1067 1577 Gandiensis
1088 1536 1249 1576 Sancti
1268 1535 1414 1576 Rochi
1435 1535 1672 1576 fundator.
1732 1536 1812 1575 338

171 1607 226 1647 D.
251 1607 422 1658 Caroli,
447 1608 491 1648 V
513 1608 659 1648 Ducis
680 1608 908 1657 Ganfflae,
934 1608 1087 1648 obitus
1095 1637 1672 1647 ......................
1733 1608 1813 1648 338

164 1678 288 1719 Acta
309 1678 622 1719 defunctionis
644 1678 851 1730 ejusdem
870 1678 1091 1719 Caroli...
1113 1710 1120 1717 .
1139 1710 1147 1717 .
1166 1711 1173 1717 .
1192 1713 1201 1719 .
1222 1710 1229 1717 .
1249 1710 1256 1717 .
1275 1711 1282 1718 .
1302 1709 1310 1717 .
1329 1710 1336 1718 .
1357 1709 1365 1718 .
1385 1709 1392 1717 .
1412 1708 1420 1717 .
1439 1708 1448 1717 .
1467 1710 1476 1718 .
1496 1709 1504 1717 .
1522 1711 1530 1718 .
1550 1710 1558 1718 .
1578 1710 1585 1718 .
1605 1709 1613 1718 .
1632 1711 1640 1717 .
1660 1708 1669 1717 .
1732 1679 1812 1718 339

165 1749 244 1791 VI.
270 1749 500 1790 Dominus
520 1751 802 1791 Franciscus
824 1751 880 1791 de
902 1749 1043 1801 Borja
1061 1757 1105 1790 et
1127 1750 1372 1791 Centelles.
1388 1781 1396 1788 .
1414 1780 1423 1789 .
1442 1782 1451 1790 .
1470 1781 1479 1790 .
1497 1781 1505 1788 .
1526 1781 1533 1789 .
1552 1782 1559 1790 .
1581 1781 1588 1788 .
1608 1782 1615 1788 .
1633 1782 1641 1790 .
1662 1780 1670 1789 .
1733 1750 1812 1790 340

166 1821 376 1873 Epistola
398 1822 688 1862 Marchionis
715 1822 771 1862 de
799 1822 1011 1874 Lombay
1043 1822 1102 1862 ad
1129 1821 1187 1862 A.
1215 1821 1268 1862 R.
1300 1821 1349 1862 P.
1380 1822 1674 1863 Everardum

217 1892 1670 1934 Mercuriz‹1n1.1m.........................................
1733 1893 1812 1933 342

166 1964 374 2016 Epistola
398 1965 500 2005 Dae
527 1966 738 2018 Joannae
760 1966 1035 2006 Fernandez
1066 1966 1121 2006 (16
1143 1966 1370 2016 Velasco,
1393 1965 1675 2006 Marchioni-

218 2048 298 2076 sae
320 2036 375 2076 de
397 2037 627 2089 Lombay,
652 2037 711 2077 ad
732 2036 789 2078 A.
811 2037 864 2078 R.
888 2038 937 2077 P.
963 2037 1210 2078 Claudium
1232 2037 1532 2089 Aquaviva..
1553 2067 1560 2074 .
1579 2067 1588 2075 .
1633 2068 1669 2076 ..
1733 2037 1811 2077 343

167 2107 377 2148 Marchio
399 2108 454 2148 (16
477 2108 690 2160 Lombay
711 2109 769 2148 ad
792 2108 1087 2160 Aragoniam
1109 2108 1306 2148 mittitur
1315 2138 1671 2148 ..............
1733 2109 1811 2148 344

164 2178 390 2219 Filiorum
411 2179 476 2219 VI
498 2178 782 2219 Gandiensis
803 2179 949 2220 Ducis
972 2180 1117 2220 series
1140 2209 1669 2218 ....................
1732 2180 1811 2220 346

165 2249 264 2290 VII.
291 2250 521 2291 Dominus
544 2251 741 2291 Carolus
763 2252 818 2292 de
840 2251 980 2303 Borja
1002 2258 1045 2291 et
1066 2251 1342 2301 Fernandez
1365 2251 1421 2291 (16
1441 2250 1668 2291 Velasco.
1731 2250 1810 2290 348

166 2319 439 2362 Mandatum
463 2322 607 2374 Regis
628 2322 829 2374 Philippi
849 2323 928 2373 III,
954 2334 1044 2374 quo
1072 2329 1201 2362 certa
1230 2322 1459 2373 pecuniae
1488 2333 1671 2362 summa

217 2392 388 2433 Cal‘OlO
410 2394 466 2433 de
489 2393 628 2444 Borja
651 2395 770 2434 solvi
788 2393 988 2445 jubetur.
1008 2425 1012 2430 .
1032 2425 1039 2431 .
1060 2424 1090 2431 ..
1115 2425 1121 2432 .
1142 2424 1149 2431 .
1170 2425 1177 2431 .
1196 2425 1203 2432 .
1223 2425 1230 2432 .
1252 2425 1258 2432 .
1279 2424 1286 2431 .
1307 2425 1313 2430 .
1332 2424 1340 2432 .
1388 2424 1395 2431 .
1415 2424 1423 2432 .
1443 2424 1449 2431 .
1469 2424 1478 2432 .
1498 2424 1506 2431 .
1525 2424 1532 2431 .
1550 2425 1558 2433 .
1578 2425 1585 2432 .
1605 2424 1613 2431 .
1633 2424 1640 2431 .
1661 2423 1670 2432 .
1731 2393 1813 2433 348

166 2463 288 2504 VIII.
312 2464 545 2505 Dominus
566 2466 849 2506 Franciscus
871 2466 927 2506 de
950 2464 1088 2516 Borja
1111 2473 1155 2505 ct
1177 2465 1338 2505 Doria.
1357 2497 1362 2504 .
1383 2498 1390 2503 .
1410 2497 1417 2505 .
1438 2496 1445 2503 .
1467 2496 1500 2505 ..
1523 2495 1666 2505 ......
1730 2465 1805 2504 351

164 2535 436 2587 Juratorum
455 2536 669 2577 Gandiae
686 2537 981 2588 protestatio,
1002 2549 1092 2588 qua
1109 2536 1184 2588 jus
1201 2537 1443 2588 antiquum
1465 2535 1673 2577 vindica-

218 2613 318 2657 tur,
356 2608 477 2647 ulnis
519 2608 811 2648 sustentandi
842 2608 1181 2659 primogenitos
1222 2608 1408 2648 Ducum
1444 2608 1491 2648 in
1525 2608 1673 2660 bapti—

218 2678 382 2718 smatis
405 2678 1666 2720 administratione................................
1730 2678 1811 2719 352

168 2749 248 2790 ΙΧ.
272 2749 503 2790 Dominus
524 2750 808 2790 Franciscus
829 2750 1027 2791 Carolus
1049 2750 1105 2790 (16
1126 2750 1266 2802 Borja
1289 2756 1333 2791 et
1354 2750 1503 2791 Doria
1524 2780 1667 2790 ......
1731 2750 1811 2789 354

164 2820 222 2860 X.
247 2820 304 2860 D.
329 2820 571 2861 Paschalis
592 2821 648 2861 de
671 2821 808 2873 Borja
832 2830 875 2862 et
897 2822 1052 2862 Ponce
1074 2822 1130 2862 (16
1148 2822 1314 2862 Leon..
1334 2852 1342 2860 .
1362 2853 1368 2861 .
1390 2857 1393 2859 ,
1414 2851 1669 2862 ..........
1731 2821 1814 2862 358

164 2890 243 2931 XI.
287 2891 345 2931 D.
387 2892 657 2932 Ludovicus
697 2892 906 2944 Ignatius
947 2893 1002 2933 de
1037 2892 1175 2944 Borja
1223 2900 1267 2934 et
1305 2893 1581 2934 Fernandez
1617 2893 1674 2933 de

220 2962 437 3003 Cordoba
456 2994 463 3000 .
489 2993 1669 3004 ............................................
1731 2964 1813 3004 359

165 3034 379 3073 (iandiae
402 3034 616 3075 Ducatus
629 3065 1670 3076 .......................................
1732 3035 1815 3076 362
