1969 3293
215 284 286 321 516
779 281 824 319 S.
854 281 1091 320 FRANCISCI
1120 281 1294 319 BonoiA

212 388 365 422 mente
386 381 521 421 todos
542 381 611 420 105
632 379 986 421 Sacramentos:
1010 380 1159 420 musio
1180 391 1268 420 con
1289 390 1409 431 gran
1430 379 1619 430 quietud
1640 392 1672 430 y
1702 391 1790 431 paz
1824 383 1859 420 a.

209 453 261 493 28
281 452 338 492 de
359 451 493 492 Abril
515 451 571 491 de
596 451 716 502 1601,
741 451 917 491 sabado
939 451 995 491 de
1017 450 1325 502 anzsz'modo,
1347 450 1593 502 quedando
1616 450 1750 490 todas
1782 451 1860 491 135.

212 524 457 574 religiosas
474 534 563 563 con
580 524 622 562 el
638 523 935 562 sentimiento
948 521 1114 562 debido
1128 533 1213 574 por
1229 522 1274 562 13
1291 520 1486 573 perdida
1500 521 1556 561 de
1574 527 1655 561 tan
1671 522 1853 572 grande

211 595 370 635 madre
391 607 423 646 y
439 593 673 646 prelada.„

289 879 360 919 De
375 879 561 933 Joanna
578 890 605 918 a
623 878 774 919 Cruce
791 879 927 930 plura
945 885 1109 920 narrat
1129 878 1443 930 CIENFUEGos,
1477 879 1590 919 Vsda
1608 879 1682 919 del
1702 880 1860 919 Gran--

206 952 262 991 cle
297 951 396 991 San
427 950 688 990 Francisco
715 951 771 990 de
797 950 978 1002 Borja,
1007 951 1126 991 libro
1156 963 1208 1002 v,
1240 963 1342 1002 cap.
1378 950 1439 991 14.
1471 959 1515 991 et
1547 950 1776 991 ALCAZAR
1806 952 1852 991 in

213 1021 607 1062 Chronolzsstorz'a
628 1022 683 1061 de
712 1021 761 1061 la
794 1021 1051 1073 Compafez'cz
1080 1022 1135 1061 de
1162 1020 1313 1074 seszis
1343 1034 1398 1062 en
1430 1021 1478 1062 la
1506 1022 1771 1062 Provincia
1797 1023 1861 1062 de·

214 1093 407 1145 Τοίειῖο,
428 1093 542 1134 Dec.
567 1106 637 1145 IV,
664 1106 737 1134 an.
764 1106 797 1142 1,
823 1105 926 1145 cap.
950 1093 990 1133 3.

887 1295 1171 1303 ——.

287 1451 335 1493 P.
374 1453 634 1505 Dionysius
662 1454 902 1505 Vazquez,
935 1453 1238 1504 Segoviensis
1268 1453 1464 1504 Collegii
1500 1453 1701 1504 Rector‚
1742 1452 1855 1493 dum·

208 1524 369 1565 Sancti
384 1525 422 1564 F
425 1525 629 1565 rancisci
645 1525 819 1576 Borgia
835 1525 1082 1565 historiam
1098 1524 1349 1575 scribebat,
1368 1525 1505 1576 plura
1524 1524 1580 1564 ab
1599 1524 1688 1564 hac
1705 1524 1854 1564 Fran-

209 1596 322 1636 cisci
338 1607 500 1636 sorore
519 1596 787 1647 exquisivit,
808 1608 899 1648 quo
917 1597 1292 1636 enarrandarum
1309 1607 1467 1636 rerum
1482 1595 1672 1636 veritati
1689 1596 1863 1636 melius.

209 1668 487 1708 consuleret.
507 1667 620 1719 Ejus
634 1679 928 1720 responsum,
949 1668 1059 1708 dum
1077 1680 1104 1708 a
1119 1667 1350 1719 Dionysio
1370 1668 1595 1719 scriptam
1609 1667 1855 1708 historiam

211 1740 373 1790 praelo
396 1739 738 1790 mandabimus,
763 1739 907 1779 etiam
929 1738 1136 1780 edemus.

281 2095 485 2137 MARIA
518 2095 919 2137 MAGDALENA
949 2095 1185 2137 BORGIA
1214 2097 1293 2137 ET
1322 2095 1565 2137 CASTRO
1596 2094 1774 2136 PINOS

288 2383 419 2423 Haec
442 2388 608 2434 quarta
629 2388 744 2422 natu
765 2388 835 2423 est
857 2394 882 2422 e
902 2382 1085 2422 filiabus
1105 2382 1301 2435 Joannis
1333 2382 1389 2423 de
1416 2382 1592 2434 Borgia
1628 2394 1685 2421 ex
1711 2380 1863 2420 Fran*

208 2455 334 2495 cisca
355 2454 411 2494 de
434 2454 618 2505 Castro,
643 2454 767 2494 edita
790 2453 836 2493 in
856 2454 1008 2493 lucem
1030 2465 1153 2495 anno
1179 2453 1280 2493 1537
1301 2454 1377 2494 vel
1396 2452 1712 2506 praecedenti.
1740 2451 1857 2492 Eam

206 2525 531 2566 Ferdinandus
553 2525 609 2565 de
629 2525 845 2576 Proxsta,
870 2524 1156 2565 Almenarae
1185 2525 1254 2576 (in
1289 2525 1541 2566 Valentino
1564 2525 1733 2575 regno)
1771 2522 1856 2563 Co-

206 2609 320 2649 mes,
339 2597 386 2637 in
404 2597 758 2638 matrimonium
774 2596 922 2645 duxit,
942 2608 1002 2637 ex
1019 2608 1109 2648 quo
1127 2596 1361 2649 Josephus
1377 2596 1618 2636 Elisabeth
1640 2601 1684 2635 et
1706 2594 1856 2634 Maria

208 2669 298 2709 orti
319 2674 441 2708 sunt.

285 2739 518 2793 Josephus
540 2740 596 2780 de
623 2739 816 2780 Proxita
846 2746 891 2780 et
918 2740 1094 2791 Borgia
1124 2740 1313 2792 quintus
1339 2739 1425 2780 fuit
1456 2739 1742 2779 Almenarae
1773 2737 1854 2778 Co-

206 2823 325 2863 mes,
350 2811 406 2851 de
428 2822 518 2862 quo
539 2811 656 2851 haec
687 2811 875 2863 scripsit
905 2811 1177 2852 ESCOLANoz
1211 2811 1310 2851 “En
1337 2816 1555 2851 nuestros
1585 2809 1686 2850 dias
1714 2821 1764 2849 se
1795 2809 1855 2848 ha

209 2882 475 2934 engrosado
496 2883 540 2922 13
563 2894 675 2923 6353
697 2882 770 2922 del
791 2882 951 2923 Conde
974 2883 1030 2923 de
1053 2882 1332 2933 Almenara,
1357 2894 1445 2934 que
1466 2883 1510 2922 10
1532 2893 1581 2921 65
1608 2880 1715 2921 Don
1743 2879 1859 2932 Jose

209 2956 264 2996 de
296 2954 488 2994 Proxita
510 2966 540 3005 y
562 2952 725 3004 Borja,
750 2966 838 2994 con
859 2954 1003 2994 haber
1026 2954 1265 2995 heredado
1288 2954 1329 2994 61
1350 2953 1664 3005 marquesado
1687 2951 1743 2992 de
1764 2950 1851 2991 Na-

208 3029 396 3076 varres‚
419 3036 504 3077 por
524 3031 703 3065 muerte
725 3025 781 3064 de
802 3036 858 3065 su
877 3026 1030 3077 primo
1052 3025 1160 3066 Don
1179 3025 1301 3079 Juan
1323 3025 1379 3065 de
1401 3023 1562 3076 Borja,
1598 3022 1851 3064 Comenda-

210 3098 294 3138 dor
313 3097 482 3148 Mayor
503 3095 559 3136 de
579 3095 793 3136 Montesa
815 3098 839 3136 e
860 3095 954 3147 hijo
977 3097 1050 3137 del
1073 3096 1278 3137 Maestre
1305 3096 1412 3136 Don
1441 3095 1593 3136 Pedi-o
1622 3094 1858 3135 Galceran
