1969 3293
703 167 819 204 Ama.
848 178 1108 204 DOCUMENTA
1648 167 1712 203 751

89 261 178 301 fuit
200 267 350 302 aucte.
373 261 674 313 comendata,
699 263 936 304 Comenda
954 264 1113 313 hmoi.,
1133 275 1191 304 ex
1208 275 1262 303 eo
1279 263 1400 315 quod
1419 263 1539 303 idem
1566 263 1721 303 Car.lis

91 332 229 372 hodie
250 333 314 372 illi
336 332 488 372 dictae
509 333 696 373 eccliae.
722 346 803 385 per
821 346 925 374 eum
942 341 1112 385 possm*-
1132 347 1225 374 non
1241 334 1422 382 habita,
1443 335 1488 373 in
1508 334 1722 374 manibus

87 403 260 443 nostris
282 411 446 454 sponte
468 409 511 443 et
534 404 675 443 libere
703 405 862 454 cessit,
897 417 1029 456 nosq.
1060 405 1317 445 cessionem
1349 406 1475 456 ipam
1503 404 1721 445 duximus

87 473 440 524 admittendam,
459 481 688 525 cessante,
710 475 860 515 adhuc
878 487 931 515 eo
950 488 1056 527 quo,
1076 476 1183 516 dum
1203 476 1352 515 eidem
1371 474 1506 515 Car.1i
1537 482 1719 515 comen-

88 544 198 584 data
220 544 326 594 fuit,
354 544 554 584 vacabat
576 546 735 595 modo,
760 558 933 586 vacare
956 553 1193 586 noscatur.
1218 546 1274 586 Et
1297 547 1335 586 si
1358 546 1403 586 in
1433 546 1557 586 dicta
1578 554 1719 596 terra,

86 626 207 666 quae
229 615 349 655 inter
370 615 487 655 alias
508 616 643 656 illari]
665 617 865 667 partium
895 624 1045 657 terras
1067 617 1289 668 insignis,
1323 624 1366 656 et
1397 617 1505 657 dno.
1539 617 1720 656 benedi-

88 691 223 725 cente
246 687 491 737 populosa,
518 698 571 726 ac
594 687 686 726 tit.O
708 686 917 727 Ducatus
941 688 1163 727 dcem-ata
1185 688 1365 737 existit,
1389 694 1433 727 et
1454 688 1496 726 in
1517 699 1605 738 qua
1627 689 1721 727 nul-

92 759 134 796 la
163 756 375 797 Colliata.
407 758 580 797 Ecclia.
611 758 709 798 fore
738 759 1050 816 dignoscitur,
1074 759 1295 799 Eccliam.
1330 763 1462 810 pssam,
1488 759 1546 798 ad
1581 770 1722 809 quam

90 828 378 878 singularem
399 840 589 880 semper
617 830 848 880 gessimus
878 837 921 869 et
952 830 1159 879 gerimus
1190 830 1455 870 deuotionis
1487 829 1720 879 affectum,

92 899 137 937 in
159 898 422 939 Colliatam.
446 899 668 940 Eccliam.
693 912 798 940 cum
820 901 947 940 omni
965 901 1127 951 bursa,
1147 900 1330 950 Mensa,
1351 900 1529 950 Archa,
1550 901 1717 951 sigillo,

89 969 267 1020 Capio,
292 970 440 1021 aliisq.
465 970 795 1021 Collegialibus
817 971 1049 1022 Insigniis.
1075 971 1131 1011 Et
1153 972 1198 1011 in
1220 983 1272 1011 ea
1296 983 1416 1010 vnus
1433 971 1717 1021 Decanatus,

86 1040 165 1091 qui
188 1040 300 1080 inibi
321 1041 499 1092 prinlis.
523 1053 607 1092 pro
631 1054 723 1081 vno
747 1042 963 1092 Decano,
988 1042 1066 1093 qui
1085 1042 1231 1093 Capli.
1254 1049 1392 1092 caput
1409 1042 1644 1091 existeret,
1665 1053 1720 1081 ac

90 1111 236 1150 aiart‘i.
263 1122 424 1151 curam
444 1112 815 1163 parrochianoru
838 1113 989 1152 dictae
1007 1113 1234 1152 ecclesiae
1251 1124 1333 1163 per
1349 1112 1466 1151 duos
1484 1112 1717 1162 Vicarios,

91 1181 137 1221 in
158 1182 367 1232 pbratus.
393 1182 553 1222 ordine
575 1183 868 1233 constitutos,
892 1183 1084 1223 adnutu
1102 1183 1281 1222 Decani
1302 1195 1386 1234 pro
1410 1190 1500 1234 tpe.
1521 1184 1719 1222 existen-

92 1253 151 1292 tis
172 1253 469 1303 amouibiles,
495 1260 757 1303 exerceret,
783 1267 837 1293 ac
873 1266 965 1293 vna
995 1254 1237 1303 Cantoria‚
1272 1266 1391 1305 quae
1422 1254 1529 1293 inibi
1561 1266 1718 1293 secun-

88 1323 145 1363 da
167 1356 174 1373 ,
200 1324 452 1374 dignitates
472 1331 647 1375 essent,
672 1337 756 1376 pro
778 1337 871 1364 vno
903 1325 1129 1373 Cantore‚
1164 1337 1219 1364 ac
1250 1324 1494 1364 duodecim
1523 1326 1720 1365 Canoni-

88 1401 224 1434 catus
245 1402 289 1434 et
311 1395 502 1435 totidem
524 1396 788 1446 prebendae
810 1408 894 1447 pro
916 1395 1162 1435 duodecim
1184 1395 1435 1435 Canonicis
1457 1401 1607 1447 quoru
1640 1408 1721 1436 sex

89 1466 137 1505 in
158 1466 389 1517 ploratus„
415 1474 457 1506 et
478 1474 573 1506 tres
594 1467 640 1506 in
663 1467 962 1518 diaconatus,
988 1474 1031 1507 et
1059 1474 1153 1507 tres
1176 1467 1253 1506 alii
1275 1467 1321 1506 in
1354 1467 1720 1507 subdiaconatus

92 1537 334 1577 ordinibus
355 1538 562 1577 costituti
582 1538 754 1588 forent,
781 1550 835 1577 ac
858 1550 963 1578 cum
984 1537 1178 1577 Decano
1210 1544 1254 1577 et
1284 1538 1486 1577 Cantore
1513 1539 1607 1589 p⁵t1s
1636 1537 1717 1578 Ca-

91 1609 232 1660 plum.
271 1609 457 1648 insimul
487 1610 845 1659 constituerent,
878 1621 1061 1649 necnon
1097 1610 1215 1649 duae
1238 1609 1458 1648 Vicariae
1481 1621 1564 1660 pro
1587 1609 1722 1649 dictis

90 1679 270 1719 duobus
291 1679 497 1720 Vicariis
519 1681 578 1720 ad
599 1681 874 1720 exercitium
903 1692 1043 1720 curae
1075 1680 1222 1720 aiaru.
1255 1680 1395 1732 homi.
1429 1679 1720 1731 deputandis,

88 1762 143 1790 ac
167 1758 368 1802 quatuor
390 1750 668 1791 Chorolatus
695 1763 778 1803 pro
802 1758 1000 1803 quatuor
1032 1752 1209 1802 pueris,
1242 1751 1518 1791 Choralibus
1549 1763 1722 1791 nuncu-

84 1822 205 1872 patis
219 1829 230 1871 ,‘
251 1822 328 1872 qui
349 1822 394 1861 in
417 1822 541 1862 dicta
562 1823 762 1862 ecclesia
784 1822 980 1873 singulis
1002 1822 1129 1861 horis
1153 1822 1404 1862 Canonicis
1425 1829 1469 1861 et
1486 1822 1589 1862 aliis
1606 1823 1720 1862 diui-

83 1893 155 1932 nis
175 1893 337 1933 officiis
353 1893 579 1933 interesse
596 1894 834 1943 deberent,
851 1895 908 1933 ad
927 1894 1074 1933 instar
1092 1894 1242 1933 aliart'i
1260 1893 1533 1944 Colliataru,
1553 1894 1716 1933 ecclia-

85 1968 152 2004 ΓΠ.
173 1964 376 2015 partium
392 1963 612 2004 earudem
631 1965 946 2015 exigerentur,
969 1976 1022 2004 ac
1041 1976 1125 2015 pro
1143 1964 1432 2014 Decanatus,
1453 1964 1718 2015 Cantoriae‚

85 2035 412 2075 Canonicatuu
430 2042 473 2075 et
490 2035 800 2086 prebendaru,
820 2035 1070 2075 Vicariarsi
1090 2042 1134 2075 et
1152 2035 1442 2075 Chorolatun
1464 2036 1721 2085 praedicto-

86 2117 190 2145 rum
221 2105 349 2156 dote,
379 2118 406 2145 a
432 2105 734 2158 Prepositura
762 2108 936 2146 mensis
957 2106 1114 2146 Martii
1139 2106 1147 2124 ¹
1171 2106 1217 2145 in
1240 2106 1439 2145 ecclesia
1462 2106 1718 2156 Valentin.,

82 2189 225 2228 quam
247 2181 351 2229 pssus
370 2177 480 2230 Joes
501 2177 678 2227 Catulis,
703 2189 758 2217 ex
783 2178 1009 2217 similibus
1027 2177 1330 2216 concessione
1347 2184 1390 2216 et
1412 2177 1718 2228 dispensatio·

82 2259 162 2298 ne,
186 2248 232 2288 in
254 2248 466 2288 eamdem
487 2248 771 2288 Comendam
796 2249 993 2296 obtinet,
1018 2260 1073 2288 ac
1095 2249 1193 2288 eius
1215 2248 1416 2296 fructus,
1447 2249 1654 2288 redditus
1676 2256 1720 2289 et

84 2327 353 2370 prouentus,
373 2318 586 2359 deductis
603 2320 818 2359 omnibus
836 2320 957 2359 iilius
975 2319 1210 2368 oneribus,
1230 2323 1511 2358 sexcentart‘t
1529 2325 1571 2359 et
1591 2320 1719 2370 quin-

85 2504 117 2530 S.
133 2503 266 2536 Pzetro,
283 2503 437 2530 Viseovo
451 2503 482 2529 di
504 2503 654 2536 l’erugia
670 2504 722 2529 nel
742 2503 817 2534 1492,
834 2503 946 2537 quintii
964 2502 1063 2529 Prete
1080 2501 1180 2528 Card.
1197 2501 1229 2528 di
1253 2501 1285 2528 S.
1302 2501 1420 2528 Alaria
1438 2503 1474 2529 in
1498 2503 1719 2533 vaste-uere.

82 2559 99 2577 e
116 2552 298 2585 A1·cipre·.e
313 2558 374 2585 per
389 2551 485 2585 quasi
501 2554 553 2577 tre
569 2551 651 2577 mesi
674 2551 763 2577 della
787 2550 932 2577 Basilica
955 2549 1139 2583 Vaticana,
1163 2554 1273 2576 morto
1298 2550 1330 2576 in
1352 2550 1463 2576 Roma
1487 2551 1539 2577 nel
1567 2551 1631 2576 15³1
1658 2558 1719 2578 con

84 2604 237 2632 sospetto
253 2599 284 2626 di
301 2600 432 2628 veleno.
446 2598 574 2632 datogli
592 2598 648 2624 dal
664 2597 759 2625 Duca
774 2597 960 2624 Valentino
979 2598 1104 2624 Cesnre
1120 2596 1266 2630 Bargul.
1281 2597 1343 2623 che
1360 2597 1392 2624 di
1414 2598 1490 2624 mal*
1512 2598 1629 2624 occhio
1655 2601 1719 2625 sot-

83 2647 175 2673 sriva
191 2647 209 2673 1'
224 2647 343 2674 intima
358 2646 562 2679 contidtnza,
579 2646 639 2672 che
657 2645 679 2672 il
695 2645 811 2679 Lopez
825 2646 958 2678 godeva
974 2645 1026 2671 dcl
1043 2643 1211 2671 Pontefice
1228 2652 1288 2671 suo
1312 2645 1432 2678 padre.
1444 2666 1458 2678 „
1475 2645 1625 2679 Novafis,
1644 2645 1719 2673 Ele·

86 2694 197 2721 menti
211 2694 305 2721 della
322 2694 441 2720 Storz'a
457 2693 510 2720 αρ’
526 2694 661 2720 :sommi
677 2692 855 2727 Pentelici,
870 2693 1086 2719 Alessamlro
1104 2691 1158 2725 VI,
1176 2700 1206 2718 n.
1220 2699 1290 2718 xv1.

137 2741 148 2762 ¹
188 2741 444 2776 Praepositum
461 2742 595 2768 mensis
610 2739 747 2767 lilizrtzi.
766 2740 982 2774 f'raepositus
999 2740 1030 2766 in
1050 2739 1212 2766 Ecclesiis
1224 2739 1491 2766 Cathedralibus
1507 2747 1626 2766 munus
1643 2746 1718 2767 erat

84 2789 368 2823 ecclesiasticum,
385 2788 437 2815 cui
453 2788 576 2814 scilicit
594 2788 809 2821 praediorum
827 2787 1142 2814 ceclesiasticorum
1158 2792 1272 2813 certae
1288 2792 1398 2820 partis
1414 2787 1456 2813 ad
1474 2793 1606 2821 tempus
1624 2787 1720 2814 vicis-

83 2836 148 2863 sim
162 2844 243 2863 cura
259 2836 544 2868 demandabatum
559 2835 599 2862 iis
615 2835 645 2862 in
659 2835 777 2862 varias
793 2835 1072 2869 Prae-posituras
1088 2833 1297 2862 distributis,
1320 2837 1353 2860 et
1375 2835 1551 2860 canonicis
1573 2835 1718 2861 attribu-

85 2885 140 2911 tis:
157 2891 299 2918 quorum
314 2883 533 2918 praediorum
549 2883 680 2909 reditus
694 2882 727 2909 in
743 2890 837 2909 usum
854 2882 1128 2909 concedebantur
1143 2882 1382 2908 canonicorum
1398 2882 1454 2915 qui
1478 2889 1519 2908 ea
1535 2883 1717 2912 curabant.

83 2936 146 2959 aut
167 2939 228 2966 per
249 2939 284 2959 se
311 2936 370 2959 aut
389 2938 451 2965 per
474 2934 734 2964 procurat-ores:
757 2931 836 2956 licet
858 2930 897 2956 de
923 2930 962 2956 iis
986 2930 1016 2956 in
1037 2929 1187 2963 capitulo
1210 2930 1378 2956 rationem
1394 2929 1589 2955 redderent.
1608 2928 1719 2957 Etiam

84 2979 366 3014 praepositurae
382 2979 595 3005 vocabantur
608 2978 774 3011 quaedam
787 2977 1027 3004 canonicorum
1041 2977 1186 3010 collegia
1199 2976 1320 3010 quibus
1332 2983 1494 3011 preerant
1507 2977 1716 3010 Praeposit
