1969 3293
225 213 297 250 392
791 216 834 255 S.
864 217 1102 257 FRANclsc}
1129 220 1303 261 BORG1A

306 309 405 349 lum
427 310 636 351 Tertium
657 312 779 352 hunc
797 313 1009 355 Gandiae
1026 315 1207 358 Ducem
1216 319 1476 372 plusquam
1495 323 1679 373 viginti
1696 325 1871 367 liberos

226 392 284 419 ex
311 380 514 420 secunda
542 393 688 422 uxore
714 385 934 433 genuisse
960 398 1112 437 nemo,
1145 400 1281 440 quem
1308 392 1526 443 sciamus,
1563 394 1702 435 Patre
1736 397 1870 448 prius

227 450 434 491 Muniesa
456 453 678 494 meminit.
703 454 839 495 Hanc
860 463 1016 498 autem
1032 458 1397 502 foecunditatem
1414 463 1570 515 (quam
1585 467 1790 518 prodigii
1808 469 1866 508 si-

225 521 380 561 milem
401 522 571 563 dixerit
592 525 669 576 qui
698 526 817 566 sciat
845 527 968 568 hunc
994 528 1176 571 Ducem
1202 533 1387 573 nonnisi
1414 541 1519 585 post
1551 548 1757 578 mensem
1783 539 1863 579 Fe-

224 592 464 633 bruarium
500 596 611 635 anni
644 596 744 637 1523
772 599 1027 640 secundam
1054 600 1243 642 duxisse
1272 615 1489 655 uxorem,
1520 614 1565 646 et
1594 619 1866 659 supremum

225 663 346 703 diem
367 664 535 705 obiisse
556 665 767 718 Januarii
788 669 851 709 9³
876 669 991 721 1543)
1014 678 1227 713 caeteros
1248 686 1409 715 omnes
1436 678 1700 719 Valentinos
1722 679 1863 721 histo-

222 734 521 787 riographos,
546 735 759 790 Samper,
778 739 980 782 Viciana
1002 748 1046 783 et
1067 743 1300 785 Escolano
1317 746 1509 788 latuisse
1526 760 1637 789 vere
1654 750 1867 792 mirabile

223 812 266 845 et
288 805 558 848 incredibile
579 809 778 851 videtur.

299 879 401 916 &um
420 879 616 932 Joannis
632 882 762 933 prior
781 894 913 935 uxor,
928 884 1111 937 Joanna
1128 886 1184 928 de
1201 888 1412 940 Aragon‚
1432 902 1555 931 anno
1581 891 1682 932 1520
1699 905 1722 933 e
1740 894 1864 935 vivis

221 948 478 1000 excedenS,'
493 952 766 1002 superstites
787 959 894 1004 post
908 966 958 995 se
974 956 1160 1008 reliquit
1175 963 1271 998 tres
1287 958 1420 1010 filios,
1440 960 1760 1013 Franciscum,
1781 963 1861 1003 Al-

219 1018 452 1070 phonsum
473 1027 519 1061 et
539 1022 761 1064 Enricum
782 1031 826 1065 et
849 1031 1049 1077 quatuor
1070 1027 1202 1078 filias,
1228 1041 1346 1080 quae
1370 1041 1532 1071 omnes
1560 1033 1714 1073 adhuc
1736 1046 1859 1074 anno

223 1089 323 1130 1523
344 1092 582 1133 vivebant.
606 1094 804 1136 Fallitur
825 1108 939 1148 ergo
961 1097 1271 1150 COENFUEGos,
1296 1101 1405 1141 dum
1427 1103 1506 1143 ait:
1534 1103 1694 1145 “Dona
1717 1105 1860 1145 Luisa

219 1173 300 1202 era
321 1169 543 1204 entonces
568 1165 701 1217 (1523)
726 1166 863 1207 zim'ccz
886 1168 1115 1210 llermana
1137 1171 1194 1211 de
1214 1170 1309 1211 San
1329 1172 1366 1212 F
1370 1174 1600 1215 rancisco.
1621 1175 1641 1225 (
1652 1175 1764 1215 Vidn
1786 1176 1863 1216 del

222 1234 413 1274 Grande
435 1236 533 1275 San
556 1237 816 1278 Francz'sco
839 1240 894 1279 de
916 1241 1090 1292 Borja,
1113 1243 1140 1281 l.
1164 1255 1192 1293 Ι,
1217 1255 1255 1284 c.
1281 1244 1344 1294 V.)

297 1305 396 1345 dum
412 1306 547 1348 Hanc
568 1308 874 1360 Ludovicam,
899 1310 1058 1352 Sancti
1080 1313 1325 1355 Francisci
1346 1327 1580 1368 sororem,
1607 1324 1715 1358 ante
1736 1318 1862 1359 diem

221 1376 268 1415 19
289 1376 565 1419 Decembris
590 1380 691 1420 1518
711 1393 806 1421 non
827 1381 971 1423 fuisse
992 1390 1155 1425 natam
1176 1393 1303 1426 certo
1326 1398 1384 1427 ex
1402 1387 1499 1438 ejus
1520 1390 1699 1440 matris,
1722 1390 1860 1444 Joan·

213 1460 302 1489 nae
324 1450 379 1490 de
400 1450 612 1503 Arag0n,
638 1459 917 1495 testamento
939 1456 1215 1508 colligimus.
1239 1458 1367 1499 Vero
1389 1459 1531 1510 igitur
1560 1461 1752 1512 propius
1784 1473 1858 1502 ac—

214 1521 354 1562 cessit
374 1522 424 1562 P.
455 1522 667 1564 Muniesa
695 1525 920 1566 scribens:
957 1527 1023 1567 “el
1051 1532 1140 1568 ano
1172 1529 1228 1569 de
1258 1542 1312 1570 su
1339 1532 1623 1573 nacimiento
1655 1532 1731 1573 fue
1767 1545 1859 1574 con

212 1607 332 1647 poca
354 1596 608 1639 diserencia
629 1601 670 1639 el
691 1600 747 1640 de
771 1600 913 1652 1520„,
938 1609 983 1642 et
1002 1602 1124 1644 infra
1141 1609 1390 1656 postquam
1412 1618 1515 1646 eam
1533 1612 1766 1648 mortuam
1789 1609 1855 1648 ait

216 1679 373 1709 mense
396 1668 588 1710 Octobri
613 1670 728 1711 1500:
755 1673 805 1713 “a
826 1674 897 1713 los
920 1681 1146 1715 cuarenta
1162 1679 1279 1716 anos
1296 1676 1352 1717 de
1369 1689 1422 1717 su
1440 1677 1558 1719 edad
1577 1692 1607 1731 y
1624 1680 1781 1720 veinte
1799 1680 1858 1720 de

211 1740 555 1792 matrimonio„

449 2099 820 2142 ALPHONSUS
852 2101 936 2143 DE
967 2102 1202 2145 BORGIA
1233 2105 1312 2146 ET
1341 2105 1605 2148 ARAGON

287 2384 470 2426 Primus
491 2386 567 2427 hic
590 2400 617 2427 a
639 2389 961 2440 scriptoribus,
986 2390 1064 2442 qui
1086 2390 1141 2431 de
1170 2392 1294 2432 tertii
1326 2391 1538 2433 Gandiae
1569 2393 1715 2434 Ducis
1741 2395 1853 2435 libe-

206 2457 273 2496 ris
297 2463 458 2507 agunt,
483 2465 587 2509 post
609 2460 973 2511 primogenitum
994 2461 1302 2503 Franciscum
1324 2463 1380 2503 de
1403 2464 1575 2515 Borgia
1598 2467 1848 2506 communi-

205 2534 276 2568 ter
303 2536 590 2581 recensetur;
620 2537 664 2570 et
691 2531 738 2571 in
767 2530 865 2582 ejus
894 2533 1073 2584 matris,
1109 2533 1323 2586 Joannae
1359 2535 1415 2575 de
1453 2535 1673 2587 Aragon,
1711 2543 1850 2578 testa—

205 2605 361 2639 mento
397 2600 587 2652 reliquis
620 2602 748 2653 prior
781 2602 1005 2644 fratribus
1040 2611 1083 2644 et
1119 2605 1360 2646 sororibus
1396 2607 1677 2648 nominatur.
1714 2608 1849 2649 Unde

205 2670 436 2722 conjicere
461 2678 588 2712 certo
616 2684 866 2724 possumus
895 2686 1001 2715 eum
1029 2682 1109 2716 aut
1137 2676 1221 2716 sub
1253 2676 1391 2717 finem
1420 2678 1528 2718 anni
1559 2678 1655 2718 1511
1686 2686 1851 2720 natum

204 2742 362 2793 fuisse,
388 2749 468 2783 aut
490 2743 620 2784 initio
643 2746 895 2796 sequentis.

285 2814 335 2854 In
363 2813 462 2865 ejus
490 2822 644 2855 autem
672 2817 821 2857 vitam
849 2824 893 2858 et
921 2830 1005 2859 rex
1031 2825 1192 2870 gestas
1226 2819 1538 2871 inquirenteS,
1578 2828 1851 2873 sequentem

205 2891 386 2926 tantum
409 2886 656 2937 epistolam
673 2887 720 2927 in
737 2887 958 2929 Generali
975 2888 1205 2930 Archivio
1223 2890 1535 2942 Septimancis
1553 2899 1847 2933 asservatam

205 2958 412 3010 reperire
433 2958 681 2999 valuimus.
