<?xml version="1.0" encoding="UTF-8"?>
<!DOCTYPE html PUBLIC "-//W3C//DTD XHTML 1.0 Transitional//EN"
    "http://www.w3.org/TR/xhtml1/DTD/xhtml1-transitional.dtd">
<html xmlns="http://www.w3.org/1999/xhtml" xml:lang="en" lang="en">
 <head>
  <title>
</title>
<meta http-equiv="Content-Type" content="text/html;charset=utf-8" />
  <meta name='ocr-system' content='tesseract 3.04.00' />
  <meta name='ocr-capabilities' content='ocr_page ocr_carea ocr_par ocr_line ocrx_word'/>
</head>
<body>
  <div class='ocr_page' id='page_1' title='image "./sanctusfranciscu57borj_0193.png"; bbox 0 0 2063 3283; ppageno 0'>
   <div class='ocr_carea' id='block_1_1' title="bbox 628 228 1762 283">
    <p class='ocr_par' dir='ltr' id='par_1_1' title="bbox 628 228 1762 283">
     <span class='ocr_line' id='line_1_1' title="bbox 628 228 1762 283; baseline 0.001 -9"><span class='ocrx_word' id='word_1_1' title='bbox 628 255 633 259; x_wconf 84' lang='lat'><em>-</em></span> <span class='ocrx_word' id='word_1_2' title='bbox 656 247 683 256; x_wconf 86' lang='lat'>··</span> <span class='ocrx_word' id='word_1_3' title='bbox 715 237 1182 283; x_wconf 55' lang='grc' dir='ltr'>ΑΡΡΕΝῡῑΧΩυἉΗΤΑᾱ</span> <span class='ocrx_word' id='word_1_4' title='bbox 1696 228 1762 275; x_wconf 53' lang='lat' dir='ltr'>fga)</span> 
     </span>
    </p>
   </div>
   <div class='ocr_carea' id='block_1_2' title="bbox 681 581 1200 621">
    <p class='ocr_par' dir='ltr' id='par_1_2' title="bbox 681 581 1200 621">
     <span class='ocr_line' id='line_1_2' title="bbox 681 581 1200 621; baseline 0.006 -3"><span class='ocrx_word' id='word_1_5' title='bbox 681 593 796 619; x_wconf 58' lang='grc' dir='ltr'>ηοω.</span> <span class='ocrx_word' id='word_1_6' title='bbox 822 593 881 620; x_wconf 79' lang='lat' dir='ltr'>DE</span> <span class='ocrx_word' id='word_1_7' title='bbox 903 593 1100 620; x_wconf 79' lang='lat' dir='ltr'>CAleTo</span> <span class='ocrx_word' id='word_1_8' title='bbox 1123 593 1168 621; x_wconf 85' lang='lat'>111</span> <span class='ocrx_word' id='word_1_9' title='bbox 1193 581 1200 598; x_wconf 89' lang='lat'><strong>¹</strong></span> 
     </span>
    </p>
   </div>
   <div class='ocr_carea' id='block_1_3' title="bbox 117 826 1771 2799">
    <p class='ocr_par' dir='ltr' id='par_1_3' title="bbox 122 826 1754 939">
     <span class='ocr_line' id='line_1_3' title="bbox 201 826 1754 880; baseline 0 -12"><span class='ocrx_word' id='word_1_10' title='bbox 201 827 428 875; x_wconf 85' lang='lat' dir='ltr'>Calixtus,</span> <span class='ocrx_word' id='word_1_11' title='bbox 465 838 631 867; x_wconf 86' lang='lat' dir='ltr'>servus</span> <span class='ocrx_word' id='word_1_12' title='bbox 665 839 910 867; x_wconf 89' lang='lat' dir='ltr'>servorum</span> <span class='ocrx_word' id='word_1_13' title='bbox 945 826 1048 877; x_wconf 87' lang='lat' dir='ltr'>Dei,</span> <span class='ocrx_word' id='word_1_14' title='bbox 1088 827 1146 868; x_wconf 87' lang='lat' dir='ltr'>ad</span> <span class='ocrx_word' id='word_1_15' title='bbox 1180 835 1455 880; x_wconf 84' lang='lat' dir='ltr'>perpetuam</span> <span class='ocrx_word' id='word_1_16' title='bbox 1490 831 1554 869; x_wconf 88' lang='lat' dir='ltr'>rei</span> <span class='ocrx_word' id='word_1_17' title='bbox 1586 842 1754 870; x_wconf 84' lang='lat' dir='ltr'>memo-</span> 
     </span>
     <span class='ocr_line' id='line_1_4' title="bbox 122 898 256 939; baseline -0.015 0"><span class='ocrx_word' id='word_1_18' title='bbox 122 898 256 939; x_wconf 85' lang='lat' dir='ltr'>riam.</span> 
     </span>
    </p>

    <p class='ocr_par' dir='ltr' id='par_1_4' title="bbox 117 969 1771 2799">
     <span class='ocr_line' id='line_1_5' title="bbox 200 969 1755 1021; baseline 0.001 -12"><span class='ocrx_word' id='word_1_19' title='bbox 200 969 344 1009; x_wconf 80' lang='lat' dir='ltr'>Stella</span> <span class='ocrx_word' id='word_1_20' title='bbox 364 970 507 1009; x_wconf 88' lang='lat' dir='ltr'>maris</span> <span class='ocrx_word' id='word_1_21' title='bbox 528 970 574 1009; x_wconf 89' lang='lat' dir='ltr'>in</span> <span class='ocrx_word' id='word_1_22' title='bbox 595 980 814 1021; x_wconf 87' lang='lat' dir='ltr'>supremo</span> <span class='ocrx_word' id='word_1_23' title='bbox 836 970 954 1009; x_wconf 88' lang='lat' dir='ltr'>coeli</span> <span class='ocrx_word' id='word_1_24' title='bbox 975 970 1090 1009; x_wconf 91' lang='lat' dir='ltr'>solio</span> <span class='ocrx_word' id='word_1_25' title='bbox 1113 970 1359 1020; x_wconf 86' lang='lat' dir='ltr'>collocata,</span> <span class='ocrx_word' id='word_1_26' title='bbox 1394 971 1544 1010; x_wconf 88' lang='lat' dir='ltr'>Maria</span> <span class='ocrx_word' id='word_1_27' title='bbox 1567 970 1755 1011; x_wconf 82' lang='lat' dir='ltr'>Christi—</span> 
     </span>
     <span class='ocr_line' id='line_1_6' title="bbox 119 1038 1760 1092; baseline -0.001 -9"><span class='ocrx_word' id='word_1_28' title='bbox 119 1038 234 1090; x_wconf 82' lang='lat' dir='ltr'>fera,</span> <span class='ocrx_word' id='word_1_29' title='bbox 258 1051 317 1080; x_wconf 83' lang='lat' dir='ltr'>ex</span> <span class='ocrx_word' id='word_1_30' title='bbox 339 1040 471 1091; x_wconf 84' lang='lat' dir='ltr'>regia</span> <span class='ocrx_word' id='word_1_31' title='bbox 491 1040 620 1092; x_wconf 84' lang='lat' dir='ltr'>prole</span> <span class='ocrx_word' id='word_1_32' title='bbox 641 1040 800 1092; x_wconf 88' lang='lat' dir='ltr'>stirpis</span> <span class='ocrx_word' id='word_1_33' title='bbox 820 1040 1081 1080; x_wconf 85' lang='lat' dir='ltr'>Davidicae</span> <span class='ocrx_word' id='word_1_34' title='bbox 1108 1040 1303 1080; x_wconf 85' lang='lat' dir='ltr'>mirifice</span> <span class='ocrx_word' id='word_1_35' title='bbox 1329 1041 1507 1091; x_wconf 88' lang='lat' dir='ltr'>genita,</span> <span class='ocrx_word' id='word_1_36' title='bbox 1543 1042 1660 1081; x_wconf 88' lang='lat' dir='ltr'>haec</span> <span class='ocrx_word' id='word_1_37' title='bbox 1688 1050 1760 1082; x_wconf 81' lang='lat' dir='ltr'>est</span> 
     </span>
     <span class='ocr_line' id='line_1_7' title="bbox 119 1110 1751 1163; baseline 0.001 -13"><span class='ocrx_word' id='word_1_38' title='bbox 119 1121 239 1161; x_wconf 90' lang='lat' dir='ltr'>quae</span> <span class='ocrx_word' id='word_1_39' title='bbox 259 1110 397 1151; x_wconf 90' lang='lat' dir='ltr'>nobis</span> <span class='ocrx_word' id='word_1_40' title='bbox 417 1111 628 1151; x_wconf 87' lang='lat' dir='ltr'>clausam</span> <span class='ocrx_word' id='word_1_41' title='bbox 648 1110 813 1150; x_wconf 88' lang='lat' dir='ltr'>salutis</span> <span class='ocrx_word' id='word_1_42' title='bbox 833 1117 1019 1162; x_wconf 87' lang='lat' dir='ltr'>portam</span> <span class='ocrx_word' id='word_1_43' title='bbox 1042 1111 1237 1162; x_wconf 86' lang='lat' dir='ltr'>aperuit,</span> <span class='ocrx_word' id='word_1_44' title='bbox 1257 1123 1376 1163; x_wconf 87' lang='lat' dir='ltr'>quae</span> <span class='ocrx_word' id='word_1_45' title='bbox 1393 1110 1571 1162; x_wconf 88' lang='lat' dir='ltr'>Regem</span> <span class='ocrx_word' id='word_1_46' title='bbox 1587 1121 1751 1163; x_wconf 84' lang='lat' dir='ltr'>regum</span> 
     </span>
     <span class='ocr_line' id='line_1_8' title="bbox 118 1181 1754 1234; baseline 0.001 -12"><span class='ocrx_word' id='word_1_47' title='bbox 118 1192 203 1232; x_wconf 84' lang='lat' dir='ltr'>pro</span> <span class='ocrx_word' id='word_1_48' title='bbox 223 1186 385 1222; x_wconf 86' lang='lat' dir='ltr'>nostra</span> <span class='ocrx_word' id='word_1_49' title='bbox 406 1181 725 1234; x_wconf 78' lang='lat' dir='ltr'>redemptione</span> <span class='ocrx_word' id='word_1_50' title='bbox 742 1181 975 1221; x_wconf 79' lang='lat' dir='ltr'>humanae</span> <span class='ocrx_word' id='word_1_51' title='bbox 992 1182 1261 1232; x_wconf 85' lang='lat' dir='ltr'>fragilitatis</span> <span class='ocrx_word' id='word_1_52' title='bbox 1278 1188 1408 1222; x_wconf 85' lang='lat' dir='ltr'>veste</span> <span class='ocrx_word' id='word_1_53' title='bbox 1427 1182 1653 1233; x_wconf 88' lang='lat' dir='ltr'>indutum,</span> <span class='ocrx_word' id='word_1_54' title='bbox 1677 1184 1754 1223; x_wconf 90' lang='lat' dir='ltr'>im-</span> 
     </span>
     <span class='ocr_line' id='line_1_9' title="bbox 118 1252 1755 1305; baseline 0.001 -13"><span class='ocrx_word' id='word_1_55' title='bbox 118 1252 355 1293; x_wconf 83' lang='lat' dir='ltr'>maculata</span> <span class='ocrx_word' id='word_1_56' title='bbox 376 1258 422 1293; x_wconf 89' lang='lat' dir='ltr'>et</span> <span class='ocrx_word' id='word_1_57' title='bbox 446 1253 624 1293; x_wconf 85' lang='lat' dir='ltr'>intacta</span> <span class='ocrx_word' id='word_1_58' title='bbox 650 1253 834 1303; x_wconf 88' lang='lat' dir='ltr'>genuit,</span> <span class='ocrx_word' id='word_1_59' title='bbox 865 1258 909 1293; x_wconf 89' lang='lat' dir='ltr'>et</span> <span class='ocrx_word' id='word_1_60' title='bbox 936 1264 1055 1304; x_wconf 87' lang='lat' dir='ltr'>quae</span> <span class='ocrx_word' id='word_1_61' title='bbox 1084 1253 1360 1296; x_wconf 79' lang='lat' dir='ltr'>humilitatis</span> <span class='ocrx_word' id='word_1_62' title='bbox 1387 1255 1629 1305; x_wconf 77' lang='lat' dir='ltr'>exemplar</span> <span class='ocrx_word' id='word_1_63' title='bbox 1661 1256 1755 1294; x_wconf 76' lang='lat' dir='ltr'>exi-</span> 
     </span>
     <span class='ocr_line' id='line_1_10' title="bbox 117 1323 1756 1375; baseline 0.001 -12"><span class='ocrx_word' id='word_1_64' title='bbox 117 1329 244 1363; x_wconf 89' lang='lat' dir='ltr'>stens</span> <span class='ocrx_word' id='word_1_65' title='bbox 265 1334 406 1375; x_wconf 87' lang='lat' dir='ltr'>super</span> <span class='ocrx_word' id='word_1_66' title='bbox 427 1323 595 1364; x_wconf 88' lang='lat' dir='ltr'>choros</span> <span class='ocrx_word' id='word_1_67' title='bbox 623 1324 900 1373; x_wconf 86' lang='lat' dir='ltr'>angelorum</span> <span class='ocrx_word' id='word_1_68' title='bbox 926 1324 987 1364; x_wconf 87' lang='lat' dir='ltr'>ad</span> <span class='ocrx_word' id='word_1_69' title='bbox 1014 1324 1236 1364; x_wconf 88' lang='lat' dir='ltr'>coelestia</span> <span class='ocrx_word' id='word_1_70' title='bbox 1266 1335 1413 1375; x_wconf 87' lang='lat' dir='ltr'>regna</span> <span class='ocrx_word' id='word_1_71' title='bbox 1434 1326 1602 1365; x_wconf 88' lang='lat' dir='ltr'>meruit</span> <span class='ocrx_word' id='word_1_72' title='bbox 1633 1327 1756 1365; x_wconf 85' lang='lat' dir='ltr'>exal—</span> 
     </span>
     <span class='ocr_line' id='line_1_11' title="bbox 118 1394 1756 1447; baseline 0.001 -14"><span class='ocrx_word' id='word_1_73' title='bbox 118 1394 223 1434; x_wconf 83' lang='lat' dir='ltr'>tari.</span> <span class='ocrx_word' id='word_1_74' title='bbox 245 1394 388 1446; x_wconf 87' lang='lat' dir='ltr'>Cujus</span> <span class='ocrx_word' id='word_1_75' title='bbox 408 1394 518 1435; x_wconf 92' lang='lat' dir='ltr'>dum</span> <span class='ocrx_word' id='word_1_76' title='bbox 539 1396 726 1435; x_wconf 86' lang='lat' dir='ltr'>excelsa</span> <span class='ocrx_word' id='word_1_77' title='bbox 748 1395 1023 1436; x_wconf 89' lang='lat' dir='ltr'>meritorum</span> <span class='ocrx_word' id='word_1_78' title='bbox 1043 1395 1262 1447; x_wconf 89' lang='lat' dir='ltr'>insignia,</span> <span class='ocrx_word' id='word_1_79' title='bbox 1282 1396 1448 1447; x_wconf 89' lang='lat' dir='ltr'>quibus</span> <span class='ocrx_word' id='word_1_80' title='bbox 1466 1397 1611 1436; x_wconf 81' lang='lat' dir='ltr'>veluti</span> <span class='ocrx_word' id='word_1_81' title='bbox 1628 1397 1756 1437; x_wconf 77' lang='lat' dir='ltr'>sidus</span> 
     </span>
     <span class='ocr_line' id='line_1_12' title="bbox 119 1466 1756 1519; baseline 0.001 -13"><span class='ocrx_word' id='word_1_82' title='bbox 119 1466 446 1516; x_wconf 88' lang='lat' dir='ltr'>praerutilans,</span> <span class='ocrx_word' id='word_1_83' title='bbox 464 1472 510 1507; x_wconf 91' lang='lat' dir='ltr'>et</span> <span class='ocrx_word' id='word_1_84' title='bbox 522 1466 660 1518; x_wconf 88' lang='lat' dir='ltr'>jubar</span> <span class='ocrx_word' id='word_1_85' title='bbox 677 1466 894 1507; x_wconf 88' lang='lat' dir='ltr'>adferens</span> <span class='ocrx_word' id='word_1_86' title='bbox 906 1466 1549 1519; x_wconf 82' lang='lat' dir='ltr'>matutinumresplendescit,</span> <span class='ocrx_word' id='word_1_87' title='bbox 1573 1468 1756 1508; x_wconf 84' lang='lat' dir='ltr'>interna</span> 
     </span>
     <span class='ocr_line' id='line_1_13' title="bbox 119 1537 1760 1589; baseline 0.001 -12"><span class='ocrx_word' id='word_1_88' title='bbox 119 1537 420 1578; x_wconf 80' lang='lat' dir='ltr'>meditatione</span> <span class='ocrx_word' id='word_1_89' title='bbox 439 1549 708 1589; x_wconf 80' lang='lat' dir='ltr'>pensamus:</span> <span class='ocrx_word' id='word_1_90' title='bbox 731 1538 842 1578; x_wconf 90' lang='lat' dir='ltr'>dum</span> <span class='ocrx_word' id='word_1_91' title='bbox 863 1538 1004 1579; x_wconf 89' lang='lat' dir='ltr'>etiam</span> <span class='ocrx_word' id='word_1_92' title='bbox 1026 1539 1150 1579; x_wconf 85' lang='lat' dir='ltr'>intra</span> <span class='ocrx_word' id='word_1_93' title='bbox 1169 1546 1359 1579; x_wconf 89' lang='lat' dir='ltr'>nostrae</span> <span class='ocrx_word' id='word_1_94' title='bbox 1386 1539 1554 1578; x_wconf 89' lang='lat' dir='ltr'>mentis</span> <span class='ocrx_word' id='word_1_95' title='bbox 1582 1550 1760 1579; x_wconf 84' lang='lat' dir='ltr'>arcana</span> 
     </span>
     <span class='ocr_line' id='line_1_14' title="bbox 119 1608 1753 1661; baseline 0.001 -13"><span class='ocrx_word' id='word_1_96' title='bbox 119 1608 406 1650; x_wconf 68' lang='lat' dir='ltr'>revolvimus</span> <span class='ocrx_word' id='word_1_97' title='bbox 427 1609 549 1661; x_wconf 92' lang='lat' dir='ltr'>quod</span> <span class='ocrx_word' id='word_1_98' title='bbox 568 1610 673 1660; x_wconf 81' lang='lat' dir='ltr'>ipsa</span> <span class='ocrx_word' id='word_1_99' title='bbox 691 1610 965 1660; x_wconf 81' lang='lat' dir='ltr'>angelorum</span> <span class='ocrx_word' id='word_1_100' title='bbox 982 1610 1201 1660; x_wconf 91' lang='lat' dir='ltr'>Domina,</span> <span class='ocrx_word' id='word_1_101' title='bbox 1221 1610 1572 1650; x_wconf 79' lang='lat' dir='ltr'>misericordiae</span> <span class='ocrx_word' id='word_1_102' title='bbox 1589 1617 1753 1657; x_wconf 87' lang='lat' dir='ltr'>mater,</span> 
     </span>
     <span class='ocr_line' id='line_1_15' title="bbox 119 1679 1758 1732; baseline 0.001 -13"><span class='ocrx_word' id='word_1_103' title='bbox 119 1679 224 1720; x_wconf 86' lang='lat' dir='ltr'>fons</span> <span class='ocrx_word' id='word_1_104' title='bbox 242 1679 442 1731; x_wconf 89' lang='lat' dir='ltr'>gratiae,</span> <span class='ocrx_word' id='word_1_105' title='bbox 465 1686 511 1720; x_wconf 91' lang='lat' dir='ltr'>et</span> <span class='ocrx_word' id='word_1_106' title='bbox 530 1679 699 1721; x_wconf 90' lang='lat' dir='ltr'>fluvius</span> <span class='ocrx_word' id='word_1_107' title='bbox 720 1680 921 1732; x_wconf 57' lang='lat' dir='ltr'>pictam,</span> <span class='ocrx_word' id='word_1_108' title='bbox 946 1681 1138 1721; x_wconf 89' lang='lat' dir='ltr'>humani</span> <span class='ocrx_word' id='word_1_109' title='bbox 1158 1681 1345 1732; x_wconf 88' lang='lat' dir='ltr'>generis</span> <span class='ocrx_word' id='word_1_110' title='bbox 1367 1682 1680 1731; x_wconf 80' lang='lat' dir='ltr'>consolatrix,</span> <span class='ocrx_word' id='word_1_111' title='bbox 1716 1689 1758 1721; x_wconf 79' lang='lat' dir='ltr'>et</span> 
     </span>
     <span class='ocr_line' id='line_1_16' title="bbox 118 1751 1767 1803; baseline 0.001 -12"><span class='ocrx_word' id='word_1_112' title='bbox 118 1751 408 1803; x_wconf 81' lang='lat' dir='ltr'>pervigilans</span> <span class='ocrx_word' id='word_1_113' title='bbox 427 1751 619 1803; x_wconf 81' lang='lat' dir='ltr'>Regem,</span> <span class='ocrx_word' id='word_1_114' title='bbox 645 1763 782 1803; x_wconf 91' lang='lat' dir='ltr'>quem</span> <span class='ocrx_word' id='word_1_115' title='bbox 802 1753 924 1792; x_wconf 89' lang='lat' dir='ltr'>almo</span> <span class='ocrx_word' id='word_1_116' title='bbox 957 1753 1163 1803; x_wconf 84' lang='lat' dir='ltr'>gestavit</span> <span class='ocrx_word' id='word_1_117' title='bbox 1190 1758 1343 1803; x_wconf 88' lang='lat' dir='ltr'>utero,</span> <span class='ocrx_word' id='word_1_118' title='bbox 1376 1764 1461 1803; x_wconf 92' lang='lat' dir='ltr'>pro</span> <span class='ocrx_word' id='word_1_119' title='bbox 1489 1758 1767 1792; x_wconf 90' lang='lat' dir='ltr'>nostrorum·</span> 
     </span>
     <span class='ocr_line' id='line_1_17' title="bbox 118 1822 1756 1875; baseline 0.001 -13"><span class='ocrx_word' id='word_1_120' title='bbox 118 1822 306 1863; x_wconf 80' lang='lat' dir='ltr'>sarcina</span> <span class='ocrx_word' id='word_1_121' title='bbox 326 1823 603 1875; x_wconf 89' lang='lat' dir='ltr'>deponenda</span> <span class='ocrx_word' id='word_1_122' title='bbox 620 1823 885 1874; x_wconf 91' lang='lat' dir='ltr'>criminum,</span> <span class='ocrx_word' id='word_1_123' title='bbox 905 1824 1150 1864; x_wconf 83' lang='lat' dir='ltr'>indefessis</span> <span class='ocrx_word' id='word_1_124' title='bbox 1168 1824 1385 1874; x_wconf 85' lang='lat' dir='ltr'>precibus</span> <span class='ocrx_word' id='word_1_125' title='bbox 1412 1824 1673 1874; x_wconf 79' lang='lat' dir='ltr'>intercedit3</span> <span class='ocrx_word' id='word_1_126' title='bbox 1693 1824 1756 1863; x_wconf 91' lang='lat' dir='ltr'>di-</span> 
     </span>
     <span class='ocr_line' id='line_1_18' title="bbox 117 1894 1758 1947; baseline -0.001 -14"><span class='ocrx_word' id='word_1_127' title='bbox 117 1904 276 1944; x_wconf 88' lang='lat' dir='ltr'>gnum,</span> <span class='ocrx_word' id='word_1_128' title='bbox 295 1894 406 1946; x_wconf 90' lang='lat' dir='ltr'>quin</span> <span class='ocrx_word' id='word_1_129' title='bbox 422 1894 576 1946; x_wconf 87' lang='lat' dir='ltr'>potius</span> <span class='ocrx_word' id='word_1_130' title='bbox 593 1894 798 1935; x_wconf 89' lang='lat' dir='ltr'>debitum</span> <span class='ocrx_word' id='word_1_131' title='bbox 814 1901 1102 1947; x_wconf 85' lang='lat' dir='ltr'>reputamus,</span> <span class='ocrx_word' id='word_1_132' title='bbox 1122 1902 1172 1936; x_wconf 91' lang='lat' dir='ltr'>ut</span> <span class='ocrx_word' id='word_1_133' title='bbox 1190 1895 1414 1935; x_wconf 85' lang='lat' dir='ltr'>ecclesias</span> <span class='ocrx_word' id='word_1_134' title='bbox 1431 1896 1590 1935; x_wconf 86' lang='lat' dir='ltr'>etloca</span> <span class='ocrx_word' id='word_1_135' title='bbox 1610 1895 1655 1934; x_wconf 91' lang='lat' dir='ltr'>in</span> <span class='ocrx_word' id='word_1_136' title='bbox 1674 1907 1758 1935; x_wconf 68' lang='lat' dir='ltr'>suo</span> 
     </span>
     <span class='ocr_line' id='line_1_19' title="bbox 119 1965 1753 2017; baseline 0.001 -13"><span class='ocrx_word' id='word_1_137' title='bbox 119 1965 443 2005; x_wconf 83' lang='lat' dir='ltr'>sacratissimo</span> <span class='ocrx_word' id='word_1_138' title='bbox 463 1966 651 2006; x_wconf 87' lang='lat' dir='ltr'>nomine</span> <span class='ocrx_word' id='word_1_139' title='bbox 672 1966 884 2007; x_wconf 89' lang='lat' dir='ltr'>instituta</span> <span class='ocrx_word' id='word_1_140' title='bbox 907 1967 1156 2017; x_wconf 81' lang='lat' dir='ltr'>condignis</span> <span class='ocrx_word' id='word_1_141' title='bbox 1182 1966 1439 2006; x_wconf 87' lang='lat' dir='ltr'>honoribus</span> <span class='ocrx_word' id='word_1_142' title='bbox 1468 1966 1753 2012; x_wconf 75' lang='lat' dir='ltr'>attollamus,</span> 
     </span>
     <span class='ocr_line' id='line_1_20' title="bbox 119 2035 1769 2088; baseline 0.001 -13"><span class='ocrx_word' id='word_1_143' title='bbox 119 2046 176 2075; x_wconf 87' lang='lat' dir='ltr'>ac</span> <span class='ocrx_word' id='word_1_144' title='bbox 195 2035 526 2076; x_wconf 88' lang='lat' dir='ltr'>remissionum</span> <span class='ocrx_word' id='word_1_145' title='bbox 546 2036 793 2088; x_wconf 86' lang='lat' dir='ltr'>impendiis</span> <span class='ocrx_word' id='word_1_146' title='bbox 815 2037 1105 2077; x_wconf 83' lang='lat' dir='ltr'>decoremus.</span> <span class='ocrx_word' id='word_1_147' title='bbox 1130 2037 1221 2077; x_wconf 85' lang='lat' dir='ltr'>Sed</span> <span class='ocrx_word' id='word_1_148' title='bbox 1242 2037 1328 2077; x_wconf 88' lang='lat' dir='ltr'>etsi</span> <span class='ocrx_word' id='word_1_149' title='bbox 1350 2037 1573 2077; x_wconf 89' lang='lat' dir='ltr'>ecclesias</span> <span class='ocrx_word' id='word_1_150' title='bbox 1591 2043 1635 2076; x_wconf 86' lang='lat' dir='ltr'>et</span> <span class='ocrx_word' id='word_1_151' title='bbox 1650 2038 1769 2076; x_wconf 82' lang='lat' dir='ltr'>loca=</span> 
     </span>
     <span class='ocr_line' id='line_1_21' title="bbox 120 2106 1756 2160; baseline 0.002 -15"><span class='ocrx_word' id='word_1_152' title='bbox 120 2106 276 2148; x_wconf 91' lang='lat' dir='ltr'>omnia</span> <span class='ocrx_word' id='word_1_153' title='bbox 302 2106 533 2158; x_wconf 82' lang='lat' dir='ltr'>singulari</span> <span class='ocrx_word' id='word_1_154' title='bbox 560 2107 811 2148; x_wconf 88' lang='lat' dir='ltr'>devotione</span> <span class='ocrx_word' id='word_1_155' title='bbox 839 2109 1227 2160; x_wconf 86' lang='lat' dir='ltr'>complectamur,</span> <span class='ocrx_word' id='word_1_156' title='bbox 1262 2109 1494 2159; x_wconf 89' lang='lat' dir='ltr'>insignem</span> <span class='ocrx_word' id='word_1_157' title='bbox 1522 2114 1679 2148; x_wconf 85' lang='lat' dir='ltr'>tamen</span> <span class='ocrx_word' id='word_1_158' title='bbox 1709 2109 1756 2148; x_wconf 89' lang='lat' dir='ltr'>il-</span> 
     </span>
     <span class='ocr_line' id='line_1_22' title="bbox 120 2177 1757 2229; baseline 0.001 -12"><span class='ocrx_word' id='word_1_159' title='bbox 120 2177 213 2218; x_wconf 85' lang='lat' dir='ltr'>lam</span> <span class='ocrx_word' id='word_1_160' title='bbox 234 2177 485 2218; x_wconf 89' lang='lat' dir='ltr'>ecclesiam</span> <span class='ocrx_word' id='word_1_161' title='bbox 505 2179 876 2220; x_wconf 83' lang='lat' dir='ltr'>valentinensem</span> <span class='ocrx_word' id='word_1_162' title='bbox 898 2179 944 2219; x_wconf 90' lang='lat' dir='ltr'>in</span> <span class='ocrx_word' id='word_1_163' title='bbox 966 2186 1063 2219; x_wconf 89' lang='lat' dir='ltr'>tam</span> <span class='ocrx_word' id='word_1_164' title='bbox 1084 2179 1269 2227; x_wconf 84' lang='lat' dir='ltr'>celebri,</span> <span class='ocrx_word' id='word_1_165' title='bbox 1294 2185 1391 2219; x_wconf 90' lang='lat' dir='ltr'>tam</span> <span class='ocrx_word' id='word_1_166' title='bbox 1412 2179 1595 2219; x_wconf 87' lang='lat' dir='ltr'>famosa</span> <span class='ocrx_word' id='word_1_167' title='bbox 1613 2212 1619 2229; x_wconf 93' lang='lat'>,</span> <span class='ocrx_word' id='word_1_168' title='bbox 1644 2186 1757 2219; x_wconf 84' lang='lat' dir='ltr'>tam-</span> 
     </span>
     <span class='ocr_line' id='line_1_23' title="bbox 121 2248 1771 2301; baseline 0.001 -13"><span class='ocrx_word' id='word_1_169' title='bbox 121 2258 208 2297; x_wconf 84' lang='lat' dir='ltr'>que</span> <span class='ocrx_word' id='word_1_170' title='bbox 239 2248 380 2300; x_wconf 90' lang='lat' dir='ltr'>digna</span> <span class='ocrx_word' id='word_1_171' title='bbox 415 2249 606 2290; x_wconf 86' lang='lat' dir='ltr'>civitate</span> <span class='ocrx_word' id='word_1_172' title='bbox 637 2250 957 2301; x_wconf 84' lang='lat' dir='ltr'>constitutam,</span> <span class='ocrx_word' id='word_1_173' title='bbox 996 2250 1170 2290; x_wconf 83' lang='lat' dir='ltr'>dudum</span> <span class='ocrx_word' id='word_1_174' title='bbox 1196 2256 1420 2296; x_wconf 78' lang='lat' dir='ltr'>nostram,</span> <span class='ocrx_word' id='word_1_175' title='bbox 1450 2249 1561 2290; x_wconf 87' lang='lat' dir='ltr'>dum</span> <span class='ocrx_word' id='word_1_176' title='bbox 1589 2250 1771 2290; x_wconf 82' lang='lat' dir='ltr'>minori&#39;</span> 
     </span>
     <span class='ocr_line' id='line_1_24' title="bbox 121 2318 1761 2372; baseline 0.001 -13"><span class='ocrx_word' id='word_1_177' title='bbox 121 2318 421 2370; x_wconf 80' lang='lat' dir='ltr'>fungeremur</span> <span class='ocrx_word' id='word_1_178' title='bbox 460 2320 634 2371; x_wconf 86' lang='lat' dir='ltr'>officio,</span> <span class='ocrx_word' id='word_1_179' title='bbox 673 2332 894 2372; x_wconf 91' lang='lat' dir='ltr'>sponsam</span> <span class='ocrx_word' id='word_1_180' title='bbox 932 2321 1274 2370; x_wconf 82' lang='lat' dir='ltr'>charissimam,</span> <span class='ocrx_word' id='word_1_181' title='bbox 1312 2332 1434 2360; x_wconf 78' lang='lat' dir='ltr'>nunc</span> <span class='ocrx_word' id='word_1_182' title='bbox 1472 2332 1583 2360; x_wconf 80' lang='lat' dir='ltr'>vero</span> <span class='ocrx_word' id='word_1_183' title='bbox 1620 2320 1761 2360; x_wconf 82' lang='lat' dir='ltr'>filiam</span> 
     </span>
     <span class='ocr_line' id='line_1_25' title="bbox 122 2390 1760 2443; baseline 0.001 -13"><span class='ocrx_word' id='word_1_184' title='bbox 122 2390 471 2442; x_wconf 76' lang='lat' dir='ltr'>praedilectam,</span> <span class='ocrx_word' id='word_1_185' title='bbox 495 2403 550 2431; x_wconf 93' lang='lat' dir='ltr'>eo</span> <span class='ocrx_word' id='word_1_186' title='bbox 572 2392 823 2443; x_wconf 85' lang='lat' dir='ltr'>specialius</span> <span class='ocrx_word' id='word_1_187' title='bbox 844 2392 1020 2432; x_wconf 85' lang='lat' dir='ltr'>nostris</span> <span class='ocrx_word' id='word_1_188' title='bbox 1040 2392 1246 2442; x_wconf 88' lang='lat' dir='ltr'>gerimus</span> <span class='ocrx_word' id='word_1_189' title='bbox 1268 2393 1313 2431; x_wconf 91' lang='lat' dir='ltr'>in</span> <span class='ocrx_word' id='word_1_190' title='bbox 1335 2391 1592 2431; x_wconf 82' lang='lat' dir='ltr'>visceribus</span> <span class='ocrx_word' id='word_1_191' title='bbox 1613 2392 1760 2431; x_wconf 85' lang='lat' dir='ltr'>chari-</span> 
     </span>
     <span class='ocr_line' id='line_1_26' title="bbox 122 2461 1758 2514; baseline 0.001 -13"><span class='ocrx_word' id='word_1_192' title='bbox 122 2461 248 2512; x_wconf 75' lang='lat' dir='ltr'>tatis,</span> <span class='ocrx_word' id='word_1_193' title='bbox 271 2474 327 2502; x_wconf 89' lang='lat' dir='ltr'>ac</span> <span class='ocrx_word' id='word_1_194' title='bbox 343 2462 572 2514; x_wconf 89' lang='lat' dir='ltr'>singulari</span> <span class='ocrx_word' id='word_1_195' title='bbox 589 2463 793 2514; x_wconf 90' lang='lat' dir='ltr'>quadam</span> <span class='ocrx_word' id='word_1_196' title='bbox 808 2463 1160 2514; x_wconf 79' lang='lat' dir='ltr'>praerogativa,</span> <span class='ocrx_word' id='word_1_197' title='bbox 1180 2474 1320 2514; x_wconf 84' lang='lat' dir='ltr'>quam</span> <span class='ocrx_word' id='word_1_198' title='bbox 1338 2463 1538 2507; x_wconf 77' lang='lat' dir='ltr'>caeteris</span> <span class='ocrx_word' id='word_1_199' title='bbox 1554 2463 1758 2514; x_wconf 87' lang='lat' dir='ltr'>partium</span> 
     </span>
     <span class='ocr_line' id='line_1_27' title="bbox 123 2531 1758 2586; baseline 0.001 -15"><span class='ocrx_word' id='word_1_200' title='bbox 123 2531 308 2574; x_wconf 80' lang='lat' dir='ltr'>illarum</span> <span class='ocrx_word' id='word_1_201' title='bbox 327 2534 540 2574; x_wconf 89' lang='lat' dir='ltr'>ecclesiis</span> <span class='ocrx_word' id='word_1_202' title='bbox 562 2534 772 2574; x_wconf 86' lang='lat' dir='ltr'>attollere</span> <span class='ocrx_word' id='word_1_203' title='bbox 794 2534 1085 2585; x_wconf 84' lang='lat' dir='ltr'>affectamus,</span> <span class='ocrx_word' id='word_1_204' title='bbox 1110 2546 1200 2586; x_wconf 91' lang='lat' dir='ltr'>quo</span> <span class='ocrx_word' id='word_1_205' title='bbox 1222 2534 1373 2585; x_wconf 88' lang='lat' dir='ltr'>ipsam</span> <span class='ocrx_word' id='word_1_206' title='bbox 1390 2546 1447 2574; x_wconf 79' lang='lat' dir='ltr'>cx</span> <span class='ocrx_word' id='word_1_207' title='bbox 1466 2547 1555 2585; x_wconf 82' lang='lat' dir='ltr'>qua</span> <span class='ocrx_word' id='word_1_208' title='bbox 1573 2541 1758 2574; x_wconf 73' lang='lat' dir='ltr'>nostros</span> 
     </span>
     <span class='ocr_line' id='line_1_28' title="bbox 122 2602 1760 2657; baseline 0 -13"><span class='ocrx_word' id='word_1_209' title='bbox 122 2602 387 2653; x_wconf 85' lang='lat' dir='ltr'>primitivos</span> <span class='ocrx_word' id='word_1_210' title='bbox 407 2605 754 2657; x_wconf 86' lang='lat' dir='ltr'>adsumpsimus</span> <span class='ocrx_word' id='word_1_211' title='bbox 776 2606 999 2656; x_wconf 87' lang='lat' dir='ltr'>honores,</span> <span class='ocrx_word' id='word_1_212' title='bbox 1024 2606 1145 2646; x_wconf 87' lang='lat' dir='ltr'>inter</span> <span class='ocrx_word' id='word_1_213' title='bbox 1172 2617 1252 2646; x_wconf 87' lang='lat' dir='ltr'>eas</span> <span class='ocrx_word' id='word_1_214' title='bbox 1280 2612 1349 2645; x_wconf 87' lang='lat' dir='ltr'>est</span> <span class='ocrx_word' id='word_1_215' title='bbox 1376 2605 1604 2656; x_wconf 82' lang='lat' dir='ltr'>dignioris</span> <span class='ocrx_word' id='word_1_216' title='bbox 1627 2606 1760 2645; x_wconf 86' lang='lat' dir='ltr'>titulo</span> 
     </span>
     <span class='ocr_line' id='line_1_29' title="bbox 122 2674 1760 2728; baseline -0.001 -14"><span class='ocrx_word' id='word_1_217' title='bbox 122 2674 344 2727; x_wconf 79' lang='lat' dir='ltr'>nominis,</span> <span class='ocrx_word' id='word_1_218' title='bbox 380 2676 616 2727; x_wconf 88' lang='lat' dir='ltr'>gloriosae</span> <span class='ocrx_word' id='word_1_219' title='bbox 646 2677 824 2717; x_wconf 89' lang='lat' dir='ltr'>scilicet</span> <span class='ocrx_word' id='word_1_220' title='bbox 851 2677 1068 2727; x_wconf 90' lang='lat' dir='ltr'>Virginis</span> <span class='ocrx_word' id='word_1_221' title='bbox 1096 2677 1419 2728; x_wconf 83' lang='lat' dir='ltr'>supradictae,</span> <span class='ocrx_word' id='word_1_222' title='bbox 1450 2676 1674 2716; x_wconf 82' lang='lat' dir='ltr'>decorata</span> <span class='ocrx_word' id='word_1_223' title='bbox 1706 2689 1760 2716; x_wconf 73' lang='lat' dir='ltr'>ac</span> 
     </span>
     <span class='ocr_line' id='line_1_30' title="bbox 123 2743 1761 2799; baseline 0.001 -15"><span class='ocrx_word' id='word_1_224' title='bbox 123 2743 225 2785; x_wconf 87' lang='lat' dir='ltr'>Deo</span> <span class='ocrx_word' id='word_1_225' title='bbox 261 2747 558 2797; x_wconf 88' lang='lat' dir='ltr'>psallentium</span> <span class='ocrx_word' id='word_1_226' title='bbox 595 2748 785 2799; x_wconf 87' lang='lat' dir='ltr'>copiosa</span> <span class='ocrx_word' id='word_1_227' title='bbox 820 2747 1114 2788; x_wconf 87' lang='lat' dir='ltr'>multitudine</span> <span class='ocrx_word' id='word_1_228' title='bbox 1142 2748 1370 2788; x_wconf 87' lang='lat' dir='ltr'>celebrius</span> <span class='ocrx_word' id='word_1_229' title='bbox 1404 2748 1643 2797; x_wconf 80' lang='lat' dir='ltr'>insignita.</span> <span class='ocrx_word' id='word_1_230' title='bbox 1677 2747 1761 2787; x_wconf 90' lang='lat' dir='ltr'>Cu-</span> 
     </span>
    </p>
   </div>
   <div class='ocr_carea' id='block_1_4' title="bbox 124 2898 1765 3076">
    <p class='ocr_par' dir='ltr' id='par_1_5' title="bbox 124 2898 1765 3076">
     <span class='ocr_line' id='line_1_31' title="bbox 179 2898 1765 2936; baseline -0.001 -11"><span class='ocrx_word' id='word_1_231' title='bbox 179 2898 192 2924; x_wconf 94' lang='lat'>1</span> <span class='ocrx_word' id='word_1_232' title='bbox 233 2898 323 2926; x_wconf 81' lang='lat' dir='ltr'>Trae</span> <span class='ocrx_word' id='word_1_233' title='bbox 339 2903 415 2927; x_wconf 84' lang='lat' dir='ltr'>esta</span> <span class='ocrx_word' id='word_1_234' title='bbox 429 2900 526 2934; x_wconf 83' lang='lat' dir='ltr'>Bula,</span> <span class='ocrx_word' id='word_1_235' title='bbox 543 2908 583 2928; x_wconf 87' lang='lat' dir='ltr'>en</span> <span class='ocrx_word' id='word_1_236' title='bbox 598 2901 695 2933; x_wconf 84' lang='lat' dir='ltr'>latin,</span> <span class='ocrx_word' id='word_1_237' title='bbox 711 2901 936 2928; x_wconf 71' lang='lat' dir='ltr'>V1LLANUEvA</span> <span class='ocrx_word' id='word_1_238' title='bbox 951 2909 993 2927; x_wconf 86' lang='lat' dir='ltr'>en</span> <span class='ocrx_word' id='word_1_239' title='bbox 1008 2909 1045 2928; x_wconf 86' lang='lat' dir='ltr'>su</span> <span class='ocrx_word' id='word_1_240' title='bbox 1069 2900 1167 2936; x_wconf 75' lang='lat' dir='ltr'>Vc&#39;aje-</span> <span class='ocrx_word' id='word_1_241' title='bbox 1181 2901 1345 2928; x_wconf 75' lang='lat' dir='ltr'>literario</span> <span class='ocrx_word' id='word_1_242' title='bbox 1360 2901 1380 2927; x_wconf 78' lang='grc' dir='ltr'><em>ά</em></span> <span class='ocrx_word' id='word_1_243' title='bbox 1401 2900 1454 2927; x_wconf 68' lang='lat' dir='ltr'>las</span> <span class='ocrx_word' id='word_1_244' title='bbox 1472 2901 1619 2933; x_wconf 73' lang='lat' dir='ltr'>t&#39;glcsias</span> <span class='ocrx_word' id='word_1_245' title='bbox 1643 2901 1685 2926; x_wconf 81' lang='lat' dir='ltr'>de</span> <span class='ocrx_word' id='word_1_246' title='bbox 1701 2900 1765 2925; x_wconf 70' lang='lat' dir='ltr'>Es-</span> 
     </span>
     <span class='ocr_line' id='line_1_32' title="bbox 124 2946 1764 2987; baseline 0.001 -15"><span class='ocrx_word' id='word_1_247' title='bbox 124 2946 234 2987; x_wconf 56' lang='grc' dir='ltr'>ρρῇα,</span> <span class='ocrx_word' id='word_1_248' title='bbox 249 2948 340 2973; x_wconf 91' lang='lat' dir='ltr'>tomo</span> <span class='ocrx_word' id='word_1_249' title='bbox 354 2953 388 2980; x_wconf 90' lang='lat'>11,</span> <span class='ocrx_word' id='word_1_250' title='bbox 404 2954 445 2973; x_wconf 88' lang='lat' dir='ltr'>en</span> <span class='ocrx_word' id='word_1_251' title='bbox 461 2947 491 2974; x_wconf 91' lang='lat' dir='ltr'>el</span> <span class='ocrx_word' id='word_1_252' title='bbox 506 2947 685 2981; x_wconf 77' lang='lat' dir='ltr'>Ape‘ndz&#39;ce</span> <span class='ocrx_word' id='word_1_253' title='bbox 700 2947 743 2974; x_wconf 81' lang='lat' dir='ltr'>de</span> <span class='ocrx_word' id='word_1_254' title='bbox 757 2948 995 2975; x_wconf 81' lang='lat' dir='ltr'>documenlos.</span> <span class='ocrx_word' id='word_1_255' title='bbox 1011 2947 1120 2974; x_wconf 88' lang='lat' dir='ltr'>Dicho</span> <span class='ocrx_word' id='word_1_256' title='bbox 1135 2952 1236 2975; x_wconf 83' lang='lat' dir='ltr'>autor</span> <span class='ocrx_word' id='word_1_257' title='bbox 1257 2947 1377 2975; x_wconf 81' lang='lat' dir='ltr'>afirma</span> <span class='ocrx_word' id='word_1_258' title='bbox 1401 2954 1462 2981; x_wconf 80' lang='lat' dir='ltr'>que</span> <span class='ocrx_word' id='word_1_259' title='bbox 1479 2948 1508 2973; x_wconf 89' lang='lat' dir='ltr'>le</span> <span class='ocrx_word' id='word_1_260' title='bbox 1531 2947 1583 2973; x_wconf 77' lang='lat' dir='ltr'>dio</span> <span class='ocrx_word' id='word_1_261' title='bbox 1607 2947 1703 2980; x_wconf 79' lang='lat' dir='ltr'>copia</span> <span class='ocrx_word' id='word_1_262' title='bbox 1726 2947 1764 2973; x_wconf 80' lang='lat' dir='ltr'>de</span> 
     </span>
     <span class='ocr_line' id='line_1_33' title="bbox 127 2991 1765 3030; baseline 0.001 -12"><span class='ocrx_word' id='word_1_263' title='bbox 127 2994 203 3019; x_wconf 76' lang='lat' dir='ltr'>esta</span> <span class='ocrx_word' id='word_1_264' title='bbox 217 2992 302 3020; x_wconf 86' lang='lat' dir='ltr'>Bula</span> <span class='ocrx_word' id='word_1_265' title='bbox 318 2993 347 3019; x_wconf 76' lang='lat' dir='ltr'>el</span> <span class='ocrx_word' id='word_1_266' title='bbox 364 2992 399 3020; x_wconf 87' lang='grc' dir='ltr'>Ρ.</span> <span class='ocrx_word' id='word_1_267' title='bbox 415 2992 456 3020; x_wconf 93' lang='lat' dir='ltr'>D.</span> <span class='ocrx_word' id='word_1_268' title='bbox 473 2993 569 3026; x_wconf 75' lang='lat' dir='ltr'>joses</span> <span class='ocrx_word' id='word_1_269' title='bbox 581 2993 765 3021; x_wconf 86' lang='lat' dir='ltr'>Carbonell</span> <span class='ocrx_word' id='word_1_270' title='bbox 780 3003 802 3030; x_wconf 92' lang='lat' dir='ltr'><strong>y</strong></span> <span class='ocrx_word' id='word_1_271' title='bbox 817 2994 962 3029; x_wconf 76' lang='lat' dir='ltr'>Arques,</span> <span class='ocrx_word' id='word_1_272' title='bbox 980 2994 1090 3029; x_wconf 84' lang='lat' dir='ltr'>monje</span> <span class='ocrx_word' id='word_1_273' title='bbox 1106 2995 1145 3021; x_wconf 90' lang='lat' dir='ltr'>de</span> <span class='ocrx_word' id='word_1_274' title='bbox 1162 2995 1195 3021; x_wconf 83' lang='lat' dir='ltr'>la</span> <span class='ocrx_word' id='word_1_275' title='bbox 1210 2994 1353 3028; x_wconf 84' lang='lat' dir='ltr'>Cartuja</span> <span class='ocrx_word' id='word_1_276' title='bbox 1370 2994 1409 3020; x_wconf 86' lang='lat' dir='ltr'>de</span> <span class='ocrx_word' id='word_1_277' title='bbox 1435 2994 1650 3021; x_wconf 81' lang='lat' dir='ltr'>Porta-coeli.</span> <span class='ocrx_word' id='word_1_278' title='bbox 1665 2991 1765 3020; x_wconf 79' lang='lat' dir='ltr'>Tam-</span> 
     </span>
     <span class='ocr_line' id='line_1_34' title="bbox 127 3039 1040 3076; baseline 0.001 -8"><span class='ocrx_word' id='word_1_279' title='bbox 127 3039 205 3068; x_wconf 69' lang='lat' dir='ltr'>bien</span> <span class='ocrx_word' id='word_1_280' title='bbox 221 3039 264 3066; x_wconf 82' lang='lat' dir='ltr'>da</span> <span class='ocrx_word' id='word_1_281' title='bbox 281 3041 314 3066; x_wconf 80' lang='lat' dir='ltr'>la</span> <span class='ocrx_word' id='word_1_282' title='bbox 332 3040 468 3067; x_wconf 79' lang='lat' dir='ltr'>versi6n</span> <span class='ocrx_word' id='word_1_283' title='bbox 484 3041 524 3067; x_wconf 87' lang='lat' dir='ltr'>de</span> <span class='ocrx_word' id='word_1_284' title='bbox 542 3042 574 3068; x_wconf 89' lang='lat' dir='ltr'>la</span> <span class='ocrx_word' id='word_1_285' title='bbox 590 3042 709 3068; x_wconf 49' lang='lat' dir='ltr'>misma</span> <span class='ocrx_word' id='word_1_286' title='bbox 724 3041 810 3069; x_wconf 88' lang='lat' dir='ltr'>Bula</span> <span class='ocrx_word' id='word_1_287' title='bbox 824 3050 864 3069; x_wconf 86' lang='lat' dir='ltr'>en</span> <span class='ocrx_word' id='word_1_288' title='bbox 879 3042 1040 3076; x_wconf 60' lang='lat' dir='ltr'>lemosin.</span> 
     </span>
    </p>
   </div>
  </div>
 </body>
</html>
