1969 3293
280 203 351 239 612
845 203 890 242 S.
920 204 1155 243 FRANCISCI
1181 207 1355 246 BoRGIA

675 623 989 666 PUBLICUM
1019 625 1511 669 INSTRUMENTUM

269 792 359 827 QUO
393 792 674 821 FRANCISCUS
700 791 893 832 BORG1A‚
926 792 1021 821 DUX
1048 794 1279 833 GANDIAE,
1310 796 1394 824 PRO
1422 796 1698 826 COMPLENDA
1735 799 1918 829 VOLUN*

322 865 444 892 TATE
471 865 531 892 ET
556 864 731 892 ULTIMA
758 864 1070 893 DISPOSITIONE
1096 866 1374 895 ELEONORAE
1409 867 1470 896 DE
1505 868 1700 909 CASTRO,
1738 871 1909 901 UXORIS

319 936 453 975 SUAE,
474 935 699 963 CAPITULO
721 935 973 964 ECCLESIAE
994 936 1184 971 MAJORIS
1204 937 1480 967 GANDIENSIS
1510 939 1645 968 CEDIT
1672 941 1730 968 ET
1758 941 1905 971 CONSI-

317 1008 444 1036 GNAT
460 1007 675 1041 QUosDAM
694 1007 888 1035 REDITUS
908 1008 939 1034 A
961 1008 1291 1036 COMMUNITATE
1313 1009 1462 1037 OPPIDI
1484 1011 1543 1038 DE
1564 1011 1784 1040 ALBALAT
1805 1013 1905 1042 SOL-

315 1079 498 1108 VENDos
522 1065 547 1106 ¹.

335 1379 432 1419 Nos
452 1378 737 1419 Franciscus
759 1377 815 1418 de
835 1377 1023 1429 Borgia‚
1043 1378 1153 1418 Dux
1171 1378 1384 1419 Gandiae
1404 1385 1447 1419 et
1464 1379 1675 1420 Marchio
1694 1381 1749 1420 de
1765 1382 1899 1422 Lom-

251 1450 360 1503 bay,
386 1450 682 1490 attendentes
703 1455 747 1489 et
769 1449 1122 1489 considerantes
1144 1449 1375 1490 Illustrem
1397 1450 1646 1491 Dominam
1666 1452 1898 1505 Joannam

251 1522 308 1562 de
324 1521 552 1572 Meneses,
573 1520 757 1561 affinem
773 1526 1001 1571 nostram,
1021 1532 1127 1561 cum
1144 1521 1329 1573 publico
1348 1522 1574 1562 cessionis
1591 1529 1635 1562 et
1651 1524 1895 1575 consigna-

250 1594 391 1634 tionis
426 1593 737 1633 instrumento
770 1603 855 1644 per
889 1591 1211 1632 honorabilem
1246 1599 1290 1633 et
1318 1593 1572 1633 discretum
1601 1593 1898 1646 Onuphrium

249 1664 395 1705 Perez
413 1665 468 1705 cle
484 1663 617 1704 Culla
633 1663 884 1714 notarium,
905 1663 960 1703 de
974 1675 1103 1703 more
1119 1670 1324 1715 recepto,
1346 1664 1431 1704 sub
1443 1665 1516 1705 die
1530 1664 1711 1705 decima
1725 1673 1894 1718 quarta

246 1737 422 1777 mensis
449 1735 574 1788 Junii
605 1735 820 1787 proxime
850 1735 1094 1786 praeteriti
1126 1736 1329 1787 annique
1357 1736 1591 1777 millesimi
1618 1737 1889 1789 quingente—

245 1809 351 1849 simi
368 1807 719 1860 quadragesimi
741 1806 940 1858 septimi,
962 1806 1128 1846 fecisse
1145 1807 1406 1847 cessionem
1423 1813 1467 1847 et
1485 1808 1889 1860 consignationem

245 1880 380 1920 vobis
408 1878 723 1930 infrascriptis
756 1877 1050 1918 Reverendis
1078 1877 1293 1928 Decano,
1324 1878 1576 1919 Canonicis
1604 1886 1647 1919 et
1674 1879 1888 1932 Capitulo

244 1951 473 1991 ecclesiae
495 1949 774 2001 collegiatae
796 1948 948 1989 dictae
970 1949 1111 1989 villae
1134 1948 1364 2000 Gandiae,
1389 1956 1556 1990 contra
1572 1962 1659 1990 nos
1680 1957 1724 1991 et
1749 1952 1886 2004 Justi-

242 2024 377 2073 tiam,
414 2023 605 2076 Juratos
640 2027 685 2061 et
717 2019 1085 2061 Universitatem
1126 2021 1264 2061 villae
1291 2028 1482 2061 nostrae
1511 2022 1566 2061 de
1596 2021 1801 2073 Albalat,
1827 2023 1886 2063 ad

239 2095 552 2143 exactionem,
567 2104 690 2132 anno
708 2091 926 2144 quolibet,
942 2098 1288 2143 nongentorum
1305 2092 1618 2143 Vigintiunius
1629 2093 1885 2135 solidorum

239 2172 458 2206 monetae
488 2164 663 2216 regalis
691 2163 940 2204 Valentiae
977 2164 1286 2215 censualium,
1327 2163 1383 2204 de
1418 2170 1462 2204 et
1495 2176 1553 2204 ex
1583 2164 1674 2204 illis
1702 2165 1883 2206 duobus

239 2238 362 2278 mille
390 2237 632 2288 octoginta
667 2240 847 2287 septem
881 2235 1040 2275 solidis
1070 2241 1114 2275 et
1142 2241 1247 2275 octo
1275 2234 1481 2275 denariis
1510 2236 1808 2277 censualibus
1836 2243 1880 2277 et

237 2310 406 2350 annuis
427 2320 545 2361 quos
566 2319 670 2358 nos,
694 2312 743 2347 ut
763 2305 994 2346 Dominus
1014 2306 1166 2347 dictae
1187 2307 1327 2347 villae
1349 2307 1404 2347 de
1428 2307 1631 2357 Albalat,
1656 2307 1805 2349 eidem
1825 2308 1878 2349 Il-

235 2382 369 2421 lustri
390 2380 622 2421 Dominae
638 2378 850 2432 Joannae
872 2379 928 2418 de
944 2378 1174 2429 Meneses,
1194 2379 1329 2419 annis
1345 2379 1557 2430 singulis,
1576 2379 1732 2420 facere
1749 2387 1793 2420 et
1811 2392 1877 2420 re-

237 2453 469 2504 spondere
499 2451 773 2492 tenebamur
804 2450 850 2490 in
884 2449 1121 2490 mensibus
1150 2450 1362 2504 Januarii
1396 2456 1440 2490 et
1472 2450 1582 2503 Julii
1620 2450 1873 2492 mediatim:

235 2536 376 2576 quam
398 2523 584 2576 quidem
602 2521 1007 2573 consignationem
1026 2528 1069 2561 et
1086 2521 1345 2562 cessionem
1366 2521 1474 2561 fecit
1493 2534 1576 2573 pro
1599 2522 1875 2573 complenda

234 2597 475 2636 voluntate
505 2600 550 2634 et
580 2593 885 2646 dispositione
906 2593 1254 2633 Illustrissimae
1282 2591 1514 2633 Dominae
1542 2593 1787 2633 Eleonoris
1818 2593 1874 2634 de

232 2668 417 2716 Castro,
438 2666 675 2718 quondam
691 2664 922 2705 Ducissae
941 2663 1169 2715 Gandiae‚
1190 2665 1444 2716 uxorisque
1461 2670 1666 2716 nostrae,
1687 2670 1871 2705 conten-

230 2746 276 2779 ta
298 2739 345 2779 in
367 2738 527 2778 ultimo
549 2737 671 2777 illius
692 2742 972 2776 testamento
996 2748 1077 2788 per
1108 2736 1285 2776 dictum
1318 2735 1610 2788 Onuphrium
1643 2735 1787 2776 Perez
1815 2736 1871 2776 de

228 2810 361 2852 Culla
382 2809 621 2849 notarium
639 2813 828 2859 recepto
851 2808 935 2847 sub
960 2807 1032 2847 die
1051 2807 1275 2847 vicesima
1298 2808 1496 2859 septima
1520 2807 1692 2847 mensis
1710 2806 1869 2847 Martii

226 2893 349 2921 anno
371 2893 397 2920 a
427 2879 685 2919 Nativitate
715 2878 904 2918 Domini
935 2879 1180 2919 millesimo
1208 2879 1584 2930 quingentesimo
1608 2879 1868 2930 quadrage—

281 3042 286 3060 Ι
328 3040 382 3068 Ex
393 3040 569 3075 pv'ossocolo
585 3039 789 3066 Melchioris
804 3039 977 3073 Monrot‘gr
993 3039 1137 3066 Nolarii
1148 3040 1294 3074 publici.
1310 3040 1373 3068 Die
1389 3040 1466 3068 26.ξὶι
1480 3040 1656 3075 januarii
1667 3042 1755 3068 anni
1767 3041 1860 3068 1548.
