1969 3293
696 106 811 142 ALIA
839 116 1099 143 DOCUMEN.TA
1643 105 1711 142 701

162 203 274 243 Item
296 203 436 242 etiam
459 214 564 242 cum
586 202 834 242 medietate
856 214 941 253 pro
959 203 1160 243 indiviso
1180 203 1363 243 illorum
1386 202 1584 242 duorum
1614 204 1711 242 mil—

82 275 124 314 le
145 273 505 325 quingentorum
527 273 775 323 sexaginta
797 286 879 313 sex
899 274 1151 313 solidorum
1175 281 1219 313 et
1236 280 1340 313 octo
1358 273 1656 313 denariorum
1684 273 1711 323 ¹,

84 356 203 396 quae
233 355 374 394 supra
404 351 617 383 monetae
648 345 935 384 censualium
964 350 1068 391 etc..
1094 357 1215 384 anno
1245 345 1448 395 quolibet
1479 344 1712 384 Reveren-

85 415 153 456 dis
175 415 454 455 Abbatissae
477 422 519 453 et
542 415 820 454 monialibus
850 416 1119 455 monasterii
1151 414 1484 455 Sanctissimae
1515 415 1712 455 Trinita-

83 486 165 535 tis,
190 492 323 525 extra
347 486 499 524 menia
522 491 565 524 et
589 486 704 524 satis
724 497 868 536 prope
892 486 1179 536 praedictam
1199 486 1448 526 Civitatem
1466 486 1713 526 Valentiae

86 556 181 606 siti,
207 555 539 595 solvendorum
560 556 605 595 in
633 556 869 595 mensibus
900 557 1096 607 Aprilis,
1132 556 1336 607 Augusti
1365 564 1408 596 et
1439 556 1715 596 Decembris

86 626 247 678 aequis
263 626 569 678 portionibus,
591 627 684 678 qui,
704 627 886 677 gratiae
901 627 1211 667 instrumento
1226 628 1472 676 mediante,
1489 627 1653 666 redimi
1670 633 1715 666 et

87 697 258 749 quitari
278 703 473 749 possunt
495 697 644 748 pretio
666 698 913 748 sexaginta
937 698 1058 737 mille
1080 698 1337 738 solidorum
1359 698 1597 749 praefixae
1620 709 1713 736 mo-

83 775 242 808 netae:
266 779 352 808 nec
374 780 466 807 non
488 768 626 808 etiam
650 780 755 808 cum
775 769 1023 808 medietate
1045 781 1128 820 pro
1158 769 1358 809 indiviso
1388 770 1572 808 illorum
1605 780 1714 820 qua-

84 838 439 889 dringentorum
451 839 706 879 solidorum
719 840 1007 879 censualium
1020 847 1106 879 etc.
1121 851 1244 879 anno
1259 840 1460 891 quolibet
1474 840 1713 879 beneficia—

84 916 153 960 to,
177 910 254 961 qui
275 921 397 950 nunc
419 916 488 950 est
510 917 554 950 et
572 922 655 961 pro
672 909 881 962 tempore
897 910 1060 959 fuerit,
1081 896 1291 950 beneficii
1309 911 1505 950 instituti
1523 911 1568 950 in
1586 923 1717 962 prae-

83 981 210 1021 dicta
231 981 341 1021 sede
357 981 605 1021 Valentiae
629 982 712 1021 sub
729 981 1027 1021 invocatione
1050 980 1172 1021 Stae.
1198 981 1364 1021 Clarae
1386 982 1715 1021 solvendorum

84 1053 131 1092 in
167 1063 325 1092 mense
360 1051 563 1102 Augusti
599 1053 735 1092 unica
773 1053 1021 1102 solutione,
1057 1053 1148 1104 qui,
1186 1053 1493 1092 instrumento
1534 1053 1716 1103 gratiae

85 1123 334 1173 mediante,
358 1123 522 1163 redimi
543 1130 587 1163 et
608 1123 779 1174 quitari
800 1129 995 1174 possunt
1022 1124 1171 1174 pretio
1192 1134 1361 1163 novem
1382 1124 1505 1163 mille
1528 1135 1717 1163 sexcen-

85 1200 241 1234 torum
265 1194 518 1234 solidorum
541 1192 746 1244 ejusdem
775 1200 1010 1233 monetae:
1041 1200 1084 1233 et
1111 1194 1330 1245 quoniam
1357 1200 1545 1245 praeter
1575 1205 1715 1245 supra

87 1265 212 1305 dicta
239 1271 284 1304 et
314 1265 574 1316 preinserta
602 1265 864 1315 censualia,
898 1276 1001 1304 cum
1035 1265 1283 1305 medietate
1314 1276 1512 1316 quorum
1542 1265 1720 1316 praedi-

87 1342 212 1376 ctam
234 1336 368 1375 vobis
396 1335 594 1375 facimus
625 1335 943 1375 venditionem
971 1347 1026 1375 ac
1062 1335 1334 1386 insolutum,
1368 1336 1602 1375 dationem
1630 1347 1723 1375 me-

86 1407 274 1447 dietatis
295 1419 379 1458 pro
402 1406 603 1446 indiviso
625 1406 894 1457 praedictae
916 1405 1170 1457 ism-oniae,
1195 1412 1302 1446 sunt
1329 1407 1468 1446 etiam
1498 1407 1588 1446 alia
1618 1418 1719 1446 cen-

85 1478 236 1518 sualia
258 1489 339 1529 per
362 1477 534 1517 dictam
557 1477 913 1517 universitatem
933 1476 947 1495 ‘²
969 1483 1013 1516 et
1035 1476 1231 1528 aljamas
1254 1476 1267 1495 ⁵
1289 1484 1483 1518 onerata
1506 1477 1720 1530 personis

139 1638 149 1658 ¹
190 1637 405 1670 Denarzum,
418 1637 559 1671 hispane
576 1638 700 1664 dinero
716 1638 771 1664 vel
786 1638 947 1669 denaria,
961 1638 1094 1664 nomine
1110 1638 1268 1665 derivato
1285 1646 1304 1665 a
1326 1638 1467 1665 danario
1483 1646 1623 1666 romano
1653 1639 1720 1666 “La

87 1685 246 1717 Francia,
264 1685 445 1712 Alemania
465 1694 487 1720 y
509 1685 625 1712 demas
640 1685 854 1720 provincias.
877 1693 939 1718 que
961 1686 1165 1712 levantaron
1187 1693 1224 1712 su
1247 1687 1428 1713 soberania
1450 1687 1488 1713 de
1510 1688 1543 1714 la
1558 1694 1687 1721 guerra
1701 1695 1724 1722 y

88 1733 183 1760 ruina
196 1733 249 1759 del
265 1732 406 1767 imperio
421 1740 572 1763 romano,
587 1733 787 1764 recibieron,
801 1741 822 1768 y
836 1733 1057 1759 continuaron
1072 1734 1122 1759 las
1135 1733 1294 1759 monedas
1307 1741 1476 1763 romanas.
1488 1742 1551 1768 que
1565 1735 1724 1761 hallaron

88 1781 330 1813 introducidas,
347 1789 368 1816 y
383 1781 434 1807 las
450 1788 681 1807 conservaron
697 1788 758 1807 con
774 1781 822 1806 los
838 1780 975 1813 propios
989 1781 1146 1807 nombres
1162 1781 1202 1807 de
1218 1781 1323 1808 libras
1339 1789 1358 1814 y
1375 1789 1475 1808 onzas
1492 1782 1531 1808 de
1548 1789 1617 1814 oro,
1633 1783 1721 1809 suel-

89 1828 158 1862 dos,
174 1827 333 1855 tremcsis
348 1837 369 1862 y
385 1828 528 1854 dz'neros
533 1847 620 1854 .......
637 1827 704 1854 Los
719 1828 825 1861 godos
840 1836 861 1862 y
876 1832 972 1854 otras
987 1827 1163 1860 naciones,
1186 1829 1205 1854 a
1221 1828 1404 1862 principios
1419 1829 1472 1856 del
1488 1829 1575 1862 siglo
1592 1830 1721 1863 quinto,

89 1883 292 1910 empezai'on
309 1878 327 1902 a
343 1876 540 1909 conquistar
557 1878 575 1902 ὁ.
593 1875 738 1908 Espafia.
754 1875 906 1909 ocupada
922 1875 961 1901 de
979 1876 1027 1902 los
1044 1882 1199 1902 romanos
1207 1895 1295 1903 ........
1312 1884 1373 1910 por
1388 1880 1462 1903 esta
1479 1884 1582 1904 causa
1594 1881 1727 1904 mantu-

89 1923 207 1952 vieron
221 1925 250 1950 el
263 1931 342 1957 p‹·so
354 1932 375 1959 y
388 1923 548 1950 monedas
561 1923 600 1949 de
612 1924 729 1955 libras,
743 1923 877 1949 sueldos
893 1931 913 1956 y
930 1927 1025 1949 otras
1038 1923 1225 1950 inferiores.
1241 1924 1291 1950 sin
1306 1924 1473 1951 [nudat-les
1490 1925 1539 1951 los
1554 1925 1723 1958 nombres‚

90 1971 123 1999 ni
138 1972 225 1998 talla
241 1973 258 1998 ὁ
273 1978 353 2005 peso
358 1990 447 1997 ........
464 1970 533 1997 Las
548 1977 642 1997 otras
658 1971 818 1996 monedas
833 1970 872 1996 de
889 1971 1000 2001 cobre,
1017 1977 1080 2004 que
1096 1971 1270 1997 menciona
1284 1976 1377 1998 entre
1392 1971 1441 1998 los
1454 1972 1559 2005 godos
1576 1972 1607 1998 S.
1623 1972 1728 2000 Isido-

90 2026 138 2048 ro.
152 2026 212 2046 son
228 2019 278 2045 los
293 2025 411 2044 numos
427 2020 444 2044 ό
460 2018 614 2049 dinero&
630 2018 669 2044 de
685 2019 735 2044 los
750 2018 865 2044 cuales
877 2017 975 2044 hacia
991 2017 1063 2044 diez
1079 2019 1109 2044 el
1126 2018 1272 2044 denario
1285 2019 1324 2045 de
1340 2020 1465 2053 plata„
1481 2019 1613 2046 CANTos
1626 2019 1727 2046 BENI-

91 2073 159 2100 Tssz,
182 2065 388 2093 Escrutinio
404 2066 446 2092 de
472 2066 719 2092 mara-vedises
737 2073 760 2099 y
785 2066 953 2091 moncdas
975 2065 1024 2097 &.,
1048 2073 1074 2092 c.
1097 2073 1130 2095 11.
1151 2074 1180 2092 n.
1203 2067 1227 2097 1,
1249 2066 1275 2099 2,
1291 2066 1514 2093 ’.Ἐκ-13008111
1532 2067 1678 2094 materia
1693 2071 1726 2094 et

92 2114 285 2141 aestimatio
302 2114 400 2140 varia
417 2113 488 2140 suit.
504 2113 542 2139 In
558 2113 721 2140 Valentia
743 2113 990 2140 aestimabatur
1006 2119 1040 2139 ut
1062 2113 1261 2140 duodecima
1282 2121 1362 2148 pars
1384 2115 1492 2141 solidi.
1514 2114 1602 2142 Vide
1623 2122 1727 2149 supra

90 2169 166 2196 pag.
179 2161 242 2195 693,
258 2165 377 2189 annot.
394 2162 420 2189 4.

144 2210 157 2229 2
202 2210 462 2236 Universitates
484 2209 684 2235 dicebantur
706 2209 736 2235 in
759 2216 864 2242 regno
888 2209 1084 2243 Aragoniae
1109 2210 1302 2242 municipia.
1326 2209 1396 2236 Las
1418 2217 1687 2237 [ixit-snsmsimzs
1709 2214 1729 2236 o

92 2264 283 2284 MUNIUPIOS
296 2264 358 2290 QUE
372 2264 409 2283 EN
426 2264 545 2283 viarm)
558 2263 600 2282 DE
613 2263 806 2282 f‘mvtrssoto
820 2256 856 2282 δι.
871 2256 1108 2283 Constztncion
1122 2257 1269 2291 politica
1283 2258 1325 2283 de
1340 2257 1512 2283 Catalmia
1529 2258 1561 2289 (i.
1578 2265 1607 2284 e.
1624 2257 1727 2284 Cata-

92 2306 225 2337 launia.
248 2305 413 2332 Valentia
437 2308 470 2330 et
493 2303 753 2337 Majorica).......
791 2311 856 2337 que
876 2306 1113 2331 sancionaron
1130 2305 1186 2330 las
1208 2305 1324 2330 (ortes
1342 2305 1532 2330 Catalanas
1538 2324 1628 2332 ........
1646 2313 1722 2332 en...

92 2352 192 2384 1702,
208 2352 315 2379 ΑνΙίσ.
331 2353 375 2379 95.
394 2352 486 2385 Quod
503 2351 602 2378 artic.
620 2351 845 2385 explanantes
862 2351 1019 2378 COROLEU
1039 2357 1070 2377 et
1094 2351 1224 2383 Pam„
1249 2351 1316 2378 Los
1334 2352 1465 2378 theros
1480 2353 1523 2378 tle
1541 2352 1728 2385 Catulmia,

92 2399 177 2426 haec
192 2400 331 2426 habent.
348 2400 508 2433 '‘Aunque
524 2406 564 2424 no
580 2398 684 2425 habia
700 2399 870 2432 completa
891 2399 1118 2425 uniformidad
1142 2407 1182 2425 en
1205 2400 1236 2425 la
1258 2399 1367 2426 forma
1391 2399 1430 2425 de
1448 2400 1596 2426 eleccion
1621 2399 1727 2427 delos

94 2447 294 2481 concejales,
310 2454 353 2482 ya
370 2454 432 2480 que
453 2447 538 2473 cada
553 2446 773 2473 universidad
791 2447 840 2473 los
855 2447 1041 2473 nombraba
1057 2454 1117 2473 con
1140 2447 1278 2478 arreglo
1299 2449 1318 2473 a
1342 2454 1398 2473 sus
1420 2447 1649 2480 particulares
1663 2449 1728 2481 pri-

93 2495 249 2529 vilegios,
266 2495 372 2529 puede
387 2498 542 2521 sentarse
558 2495 591 2521 la
607 2495 703 2528 regla
720 2494 759 2520 de
776 2502 837 2528 que
854 2502 939 2528 para
956 2496 1058 2521 estos.
1073 2501 1167 2520 como
1184 2501 1268 2528 para
1284 2499 1377 2521 otros
1394 2495 1531 2521 muchos
1547 2502 1680 2529 cargos,
1693 2503 1726 2522 se

94 2544 272 2576 empleaba
288 2544 318 2569 el
333 2546 415 2569 voto
429 2541 603 2575 sogucrcil,
619 2547 692 2568 esto
709 2549 754 2575 05,
772 2542 810 2568 de
827 2542 876 2568 105
892 2542 1036 2569 cabezas
1051 2542 1090 2568 de
1107 2542 1254 2575 familia,
1273 2546 1357 2576 caps
1373 2542 1414 2568 de
1430 2549 1513 2568 casa
1519 2562 1607 2569 ........
1626 2542 1731 2570 Como

94 2591 211 2624 quiex-a
227 2597 290 2624 que
306 2590 409 2623 fuese,
427 2591 475 2616 los
491 2590 658 2616 electores
675 2591 826 2616 votaban
841 2590 986 2623 siempre
1000 2597 1061 2623 por
1073 2590 1233 2623 gremios,
1250 2590 1417 2623 eligiendo
1434 2591 1520 2617 cada
1534 2597 1599 2617 uno
1616 2598 1729 2624 repre-

94 2643 269 2665 sentantes
284 2638 323 2664 de
339 2645 378 2664 su
393 2641 468 2664 arte
483 2639 503 2664 u
519 2637 626 2664 oficio.
643 2637 708 2664 Los
724 2637 889 2664 acuerdos
908 2637 960 2664 del
977 2637 1124 2669 concejo,
1137 2643 1398 2671 representante
1412 2639 1451 2664 de
1465 2638 1543 2665 todo
1555 2639 1586 2665 el
1597 2645 1728 2671 comun,

94 2686 216 2714 debian
233 2690 381 2712 tomarse
400 2693 462 2712 con
477 2685 663 2712 asistencia
678 2685 718 2711 de
733 2686 784 2711 las
800 2685 859 2711 dos
875 2690 1027 2711 terceras
1042 2690 1160 2719 partes
1176 2685 1215 2712 de
1232 2693 1287 2712 sus
1303 2686 1495 2713 individuos
1507 2694 1529 2721 y
1542 2693 1603 2720 por
1614 2694 1731 2722 mayo-

95 2735 146 2761 ria
161 2734 200 2760 de
217 2738 315 2760 votos
331 2733 370 2759 de
386 2733 435 2760 los
450 2733 643 2765 asistenles‚
660 2741 682 2767 y
697 2740 737 2759 en
753 2737 825 2759 esto
841 2733 1053 2759 concuerdan
1071 2733 1168 2760 todos
1184 2734 1233 2760 los
1245 2733 1537 2767 jurisconsultos„

150 2782 162 2801 ⁵
200 2781 342 2816 Alsama
355 2785 430 2808 erat
442 2781 472 2808 in
488 2780 653 2814 Hispania
666 2780 774 2807 medio
787 2788 874 2807 aevo
887 2781 992 2807 veluti
1006 2781 1224 2814 municipium
1238 2788 1430 2808 maurorum
1446 2783 1503 2809 vel
1514 2782 1730 2817 judaeorum.

95 2829 234 2863 ’‘gQuien
250 2836 290 2855 no
306 2828 350 2855 ha
367 2828 442 2855 oido
457 2828 580 2855 hablar
592 2828 630 2854 de
643 2829 694 2854 las
707 2828 863 2860 aljamas
875 2828 913 2854 de
926 2828 975 2854 los
989 2828 1107 2860 juclios
1121 2837 1142 2864 y
1154 2835 1377 2862 samacenos,
1393 2830 1655 2864 corporacioncs
1667 2837 1729 2864 que

96 2877 367 2904 administrabam
383 2877 432 2903 los
448 2877 614 2903 intereses
630 2876 669 2902 de
686 2876 782 2902 todos
798 2876 846 2901 105
861 2875 1053 2902 individuos
1068 2876 1108 2902 de
1129 2877 1162 2903 la
1178 2880 1273 2903 secta
1296 2884 1357 2904 con
1378 2885 1443 2904 una
1465 2877 1730 2911 independencia

96 2932 170 2958 que,
187 2925 220 2952 al
235 2931 350 2951 menos
366 2924 582 2958 legalmente.
600 2924 699 2950 debia
715 2923 886 2949 eximirles
902 2923 940 2949 de
957 2923 1035 2950 todo
1047 2924 1151 2950 abuso
1166 2931 1184 2957 y
1198 2925 1370 2952 extorsion
1383 2933 1444 2959 que
1463 2925 1624 2952 hubiesen
1640 2925 1732 2959 podi—
