1969 3293
725 146 839 183 ALIA
866 156 1126 183 DOCUMENTA
1673 145 1745 181 735

113 241 330 293 Augusto
351 241 478 282 Patri
499 247 543 282 et
564 242 753 282 domino
775 254 877 282 meo
899 242 946 282 in
967 242 1128 293 primis
1160 241 1469 291 observando,
1495 240 1741 292 Serenissi-

110 314 290 363 misque
311 312 533 363 Regibus,
557 313 1000 363 praedecessoribus
1017 312 1189 352 nostris
1207 312 1385 352 aeterni
1406 311 1621 361 nominis,
1647 323 1743 350 ma-

113 384 376 434 gestatique
411 391 599 423 nostrae
636 384 682 422 in
709 383 908 423 diversis
934 384 1161 423 bellorum
1193 382 1578 434 expeditionibus,
1611 388 1655 421 et
1684 382 1740 421 si-

110 462 310 505 gnanter
333 460 495 494 contra
516 453 811 494 Francorum
830 453 973 505 Regis
994 454 1245 505 susceptis,
1270 454 1464 505 aliisque
1486 465 1626 504 quam
1650 454 1742 503 plu-

111 525 242 565 rimis
263 526 402 564 rebus
424 531 467 565 et
489 525 648 564 arduis
679 525 880 575 negotiis
907 531 1056 564 status
1086 525 1235 564 nostri
1261 524 1671 564 conservationem
1699 530 1743 562 et

113 603 415 647 augmentum
432 596 835 645 concernentibus,
850 607 943 635 non
959 596 1134 646 absque
1155 595 1279 635 vitae
1297 601 1340 635 et
1358 595 1651 634 fortunarum
1668 606 1742 634 ve-

113 673 317 707 strarum
339 667 543 718 periculo
566 673 609 706 et
628 665 815 717 jactura
836 667 1078 718 praestita,
1103 673 1148 706 et
1170 667 1400 717 impensa3
1425 677 1624 717 quaque,
1660 677 1747 705 Vos

113 737 235 778 dicte
256 738 363 778 Don
383 737 517 777 Petre
539 738 773 778 Galceran
795 738 849 778 de
872 738 1060 788 Borgia,
1085 737 1315 777 indefecto
1338 737 1492 776 animo
1516 749 1608 776 non
1631 736 1746 776 desi-

118 810 249 849 vistis
270 818 528 860 praestare,
552 821 730 859 vosque
751 809 1085 860 praestiturum
1104 808 1149 848 in
1169 808 1266 848 dies
1284 808 1632 847 continuatione
1652 808 1746 846 lau-

114 880 269 930 dabili,
306 879 603 931 majoresque
636 886 820 920 vestros
850 880 1137 920 imitaturum
1160 890 1418 930 speramus;
1456 880 1621 918 merito
1654 878 1749 917 ani-

115 963 240 991 mum
262 952 526 991 inducimus
553 958 765 991 nostrum
792 958 840 991 ut
867 963 976 1001 vos,
1008 950 1138 1001 cujus
1168 950 1334 990 merita
1362 956 1429 989 tot
1459 949 1748 999 argumentis

116 1022 367 1073 Magestati
388 1029 576 1062 nostrae
598 1022 931 1073 approbantur,
955 1021 1370 1072 posteritatemque
1387 1026 1431 1059 et
1451 1031 1749 1059 successores

116 1100 315 1143 vestros,
341 1093 574 1144 condigno
596 1093 773 1132 honore
795 1099 839 1132 et
858 1093 1014 1143 gratia
1045 1092 1426 1141 cohonestemus,
1457 1102 1676 1130 ornemus
1705 1097 1750 1130 ct

118 1163 410 1212 decoremus,
434 1163 840 1215 munificentiaque
863 1170 1022 1203 nostra
1045 1168 1090 1202 et
1112 1162 1389 1202 liberalitate
1406 1162 1746 1212 impartiamur.

200 1236 503 1286 Quapropter
525 1238 687 1274 tenore
701 1234 1030 1286 praesentium
1052 1235 1108 1274 cle
1129 1238 1255 1273 certa
1283 1232 1480 1272 scientia
1502 1232 1751 1282 Regl'aque

117 1306 420 1356 anctoritate,
434 1317 487 1345 ac
499 1305 733 1345 (lonu'nz'ca
744 1309 982 1356 potestate
995 1308 1162 1344 nostra
1179 1304 1221 1344 le
1224 1304 1368 1355 gibus
1380 1303 1616 1353 absoluta,
1628 1313 1682 1342 ac
1695 1303 1752 1342 cle

118 1377 284 1427 gratia
305 1377 516 1428 speciali.
537 1378 592 1416 cle
612 1376 897 1416 liberalitate
912 1380 955 1415 et
973 1375 1208 1426 consulto,
1224 1375 1392 1415 villam
1409 1375 1464 1414 cle
1483 1374 1751 1421 Navarres,

117 1461 257 1500 quain
280 1460 367 1488 vos
389 1448 544 1488 (lictus
565 1449 673 1488 Don
698 1449 879 1488 Petrus
904 1447 1232 1487 Galceranalus
1253 1447 1308 1485 sle
1329 1445 1520 1496 Borgl'a
1535 1478 1547 1495 ,
1574 1445 1753 1484 virtute

118 1524 391 1560 vestrorum
407 1519 783 1571 privilegiorum
804 1523 847 1559 et
873 1519 1254 1570 scrzpturarunz,
1285 1530 1381 1557 uua
1402 1528 1505 1556 cum
1533 1516 1644 1556 aliis
1665 1515 1752 1555 vil-

118 1591 199 1641 lis,
219 1591 353 1637 locis,
374 1595 417 1630 et
432 1591 810 1642 proprietatibus
832 1591 1003 1630 domus
1023 1594 1213 1629 vestrae
1231 1589 1400 1629 tenetis
1425 1592 1469 1628 et
1490 1587 1752 1639 possidetis

117 1663 166 1702 in
182 1664 410 1713 praefato
434 1666 598 1702 nostro
623 1663 794 1713 Regno
829 1662 1067 1702 Valentl'ae
1087 1661 1255 1711 sitam,
1285 1661 1334 1700 in
1355 1659 1573 1709 titulum,
1594 1658 1752 1708 digni-

118 1737 263 1774 tatem
284 1738 327 1774 et
348 1734 573 1773 honorem
600 1733 966 1773 illarcln'onatus
986 1732 1245 1783 erigimus,
1266 1731 1562 1781 insignimus
1583 1733 1627 1769 et
1647 1729 1750 1768 sub-

118 1804 361 1854 limamus,
382 1815 558 1856 vosque
574 1805 855 1855 praefatum
877 1804 1116 1844 illustrem
1137 1804 1248 1845 Dou
1269 1804 1471 1843 Petrum
1502 1800 1754 1841 Galcerau-

119 1878 232 1916 ctum
266 1877 322 1916 cle
349 1876 539 1926 Borgl'a
574 1876 724 1916 cll'ctae
750 1875 916 1923 villae,
943 1879 987 1915 et
1013 1875 1380 1915 Marcusonatus
1415 1874 1470 1912 de
1501 1873 1753 1912 Navarres

121 1948 443 1988 Marcln'onem
465 1952 744 1998 vestrosque
763 1947 987 1990 haeredes
1008 1951 1051 1987 et
1071 1957 1371 1986 successores
1391 1944 1556 1984 ordine
1576 1953 1753 1983 succes-

119 2019 223 2059 sivo
245 2019 548 2058 Marclu‘ones
563 2020 618 2058 (le
638 2019 906 2069 Navarres,
917 2019 1151 2069 facl'nzuS,
1169 2028 1402 2066 creamus,
1417 2015 1755 2055 constituimus

120 2094 163 2130 et
184 2091 484 2140 ordinamus,
505 2102 681 2141 vosque
701 2095 744 2130 et
765 2102 843 2130 eos
864 2090 1167 2130 Marcln'ones
1194 2090 1249 2128 cle
1269 2088 1520 2128 Navarres
1552 2086 1753 2126 dictutus

121 2166 165 2202 et
186 2162 505 2211 nominamus,
526 2161 756 2213 tituloque
784 2165 827 2201 et
858 2162 1034 2201 honore
1055 2172 1110 2200 ae
1129 2159 1369 2211 (lz'gnz‘tate
1390 2158 1755 2198 Marclu'onatus

122 2233 442 2284 z'nssgnunus,
471 2233 801 2284 nobz'lz'tamus,
836 2234 1116 2273 decoramus
1144 2244 1225 2272 seu
1254 2231 1394 2271 etiam
1429 2229 1751 2269 illustramus.

124 2304 293 2355 ltaque
313 2304 530 2355 deinceps
551 2304 798 2355 perpetuis
819 2304 1015 2354 suturis
1042 2302 1357 2354 temporibus,
1385 2312 1473 2340 vos
1495 2301 1757 2351 praefatus

124 2376 351 2416 Illustrz's
371 2376 480 2415 Don
503 2376 684 2415 Petrus
709 2376 1037 2415 Galceranclus
1059 2376 1114 2414 (le
1135 2374 1327 2424 Borgia
1348 2372 1588 2423 vestrt'que
1617 2371 1666 2410 in
1688 2382 1757 2410 eo-

124 2448 228 2488 dem
249 2447 586 2487 Marclu'onatn
608 2447 833 2486 haeredes
853 2451 895 2486 et
917 2457 1232 2495 successores,
1249 2444 1453 2496 possitis
1470 2447 1513 2483 et
1534 2441 1759 2491 valeatis,

125 2531 180 2560 ac
193 2520 387 2571 possint
408 2518 448 2558 el
470 2518 663 2558 valeant
685 2518 987 2558 Illarclu‘ones
1009 2518 1064 2557 a'e
1086 2517 1337 2556 Navarres
1364 2514 1621 2564 nominari,
1647 2513 1756 2553 mtt-

64 2594 68 2596 ’
126 2590 282 2630 tularz'
296 2594 340 2630 et
360 2589 614 2641 appellari,
634 2601 687 2629 ac
708 2589 756 2628 in
778 2589 994 2629 omnibus
1013 2592 1056 2628 et
1071 2594 1162 2639 per
1182 2587 1341 2627 omnia
1358 2585 1661 2626 Marcln'ones
1678 2584 1756 2624 lta-

127 2662 239 2712 bert',
265 2661 418 2702 teneri
440 2664 483 2700 et
515 2660 755 2711 reputari,
784 2661 1088 2700 decernentes
1117 2671 1173 2698 ac
1202 2659 1415 2698 volentes
1442 2669 1500 2697 ex
1522 2656 1759 2708 praesenti

127 2732 362 2784 deinceps,
385 2738 480 2772 tam
502 2743 587 2771 vos
606 2743 743 2783 quam
761 2731 873 2783 ipsis
892 2731 1105 2771 omnibus
1122 2736 1165 2769 et
1184 2729 1380 2779 singulis
1398 2727 1578 2779 gratiis,
1599 2727 1756 2778 privil-

127 2804 275 2855 legiis,
294 2802 657 2854 praerogativis,
673 2801 869 2853 juribus,
888 2800 1208 2852 dignitatibus,
1223 2799 1481 2849 favoribus,
1498 2798 1756 2838 immunita-

127 2876 264 2925 tibus,
284 2874 555 2924 honoribUS‚
575 2873 967 2924 praeeminentiis,
988 2871 1279 2912 libertatibus
1301 2877 1344 2911 et
1367 2869 1756 2921 exemptionibus,

128 2948 208 2997 uti,
231 2946 345 2996 frui,
369 2944 575 2996 gaudere
597 2951 641 2984 et
662 2945 802 2996 potiri
823 2943 1012 2995 possitis
1034 2948 1078 2983 et
1099 2942 1326 2993 debeatis,
1351 2942 1518 2993 quibus
1540 2940 1619 2980 alii
1639 2939 1759 2979 Mar—
