1969 3293
202 167 272 204 756
749 161 793 199 S.
823 161 1096 200 FRANclscus
1124 154 1299 197 BOR'GiA

205 267 357 303 aucte.
382 261 645 312 approbata
668 266 711 300 et
733 259 1010 299 confirmata
1033 265 1335 308 censeantur,
1366 264 1410 298 et
1442 257 1499 297 ab
1535 257 1750 297 omnibus
1779 257 1845 297 in-

204 332 485 374 uiolabiliter
507 329 751 371 obseruari
773 331 995 380 debeant,
1020 316 1232 380 plenam,
1256 329 1450 369 liberam
1467 334 1511 368 et
1528 328 1845 368 omnimodam

204 405 475 444 facultatem
495 402 663 442 harum
684 402 805 441 serie
827 401 1159 450 concedentes,
1185 412 1239 440 ac
1260 399 1415 450 Motu,
1441 399 1657 449 scientia,
1690 405 1845 439 aucto-

207 476 345 515 ritate
367 485 550 514 necnon
572 473 730 524 ptatis.
755 471 1044 524 plenitudine
1067 471 1294 511 similibus
1314 477 1500 511 vtentes
1522 476 1566 510 et
1597 470 1846 510 decernen-

206 554 296 599 tes,
320 545 444 597 quod
460 543 535 596 jus
556 550 836 595 patronatus
858 543 999 583 hmoi.
1025 542 1238 583 eamdem
1259 548 1478 582 naturam
1499 541 1544 581 in
1568 541 1782 581 omnibus
1803 548 1847 581 et

206 629 289 669 per
311 617 468 657 omnia
490 616 736 665 sortiatur,
760 620 804 654 et
825 615 929 654 illos
961 620 1179 665 operetur
1208 612 1420 662 effectus,
1451 623 1566 663 quos
1593 611 1668 663 jus
1694 617 1849 664 patro·

206 694 344 728 natus
366 687 588 738 Layeorn
609 698 668 726 ex
688 685 963 726 fundatione
996 690 1041 724 et
1069 684 1310 724 dotatione
1339 683 1617 735 acquisitum
1646 682 1702 722 de
1728 682 1845 734 Jure,

206 759 282 799 vel
298 759 416 799 alias
433 757 794 809 quomodolibet,
809 756 964 806 habet,
980 756 1174 796 sortitur
1191 761 1236 795 et
1253 760 1490 806 operatur.
1508 753 1692 806 Quodq.
1708 754 1849 794 etiam

208 831 274 871 illi
294 831 430 870 aliter
451 835 653 880 nequeat
674 828 918 879 derogari,
943 839 1083 879 quam
1106 827 1195 867 iuri
1216 832 1516 879 patronatus,
1540 838 1599 866 ex
1620 825 1851 866 fundatio-

207 914 265 942 ne
300 907 345 942 et
381 901 622 941 dotatione
657 899 908 951 acquisito,
939 898 1158 949 derogari
1194 897 1458 948 consueuit,
1496 908 1584 937 nec
1615 897 1757 937 etiarn
1786 896 1850 936 illi

207 985 350 1025 nunq.
375 978 624 1013 censeatur
646 973 782 1023 plene
804 971 1105 1022 derogatum,
1137 970 1226 1009 nisi
1248 970 1357 1009 dum
1386 975 1431 1009 et
1458 968 1673 1020 quotiens
1698 974 1847 1020 pntes.

208 1046 322 1085 lrae.
354 1056 473 1096 quae
510 1056 537 1084 a
572 1043 709 1083 nobis
737 1043 826 1091 ita,
857 1048 1044 1082 matura
1072 1040 1408 1081 deliberatione
1434 1040 1699 1091 prehabita,
1730 1051 1853 1079 ema-

208 1121 400 1164 narunt,
425 1115 481 1155 de
502 1114 648 1154 Verbo
672 1114 731 1154 ad
751 1113 964 1164 verbum,
989 1119 1033 1153 et
1054 1124 1148 1152 non
1170 1123 1253 1163 per
1275 1113 1388 1152 clas.
1413 1112 1592 1162 gnales.
1618 1111 1662 1150 id
1684 1111 1849 1162 impor-

208 1195 290 1228 tan
509 1186 606 1226 lris.
632 1185 955 1236 derogationis
975 1183 1241 1224 huiusmodi
1264 1183 1435 1223 fuerint
1457 1183 1662 1222 insertae
1681 1194 1736 1222 ac
1752 1194 1851 1234 pre-

208 1264 364 1299 sentes
387 1258 442 1298 de
462 1257 675 1297 nullitate
696 1268 779 1296 seu
801 1256 1071 1296 intentionis
1097 1255 1281 1294 defectu
1302 1255 1569 1306 nullatenus
1589 1253 1742 1293 notari
1771 1265 1852 1293 seu

208 1329 479 1381 impugnari
502 1340 661 1380 posse,
693 1340 797 1379 neq.
827 1338 909 1379 per
945 1338 1205 1378 quoscunq.
1239 1325 1420 1377 judices
1455 1332 1499 1365 et
1535 1324 1852 1375 comissariOS,

209 1401 318 1443 §.tae
342 1401 585 1441 Romanae
607 1399 849 1440 Ecclesiae
872 1398 1173 1447 CardinaleS,
1197 1409 1253 1437 ac
1284 1402 1398 1437 earu
1426 1396 1594 1436 Palatii
1621 1395 1731 1447 ap.ci
1762 1396 1854 1436 Au-

212 1474 414 1522 ditores,
453 1473 499 1512 in
534 1483 815 1523 quaqunque
851 1470 1096 1520 instantia,
1134 1470 1318 1509 sublata
1355 1468 1420 1508 eis
1452 1474 1496 1507 et
1524 1468 1712 1507 cuilibet
1742 1473 1854 1507 eoru

211 1544 379 1597 quauis
402 1544 493 1584 alia
516 1543 857 1594 interpretandi
878 1541 1121 1591 facultate,
1147 1540 1444 1590 sententiari,
1469 1538 1656 1579 diffiniri
1679 1544 1723 1578 et
1740 1537 1856 1589 judi-

210 1617 309 1658 cari
332 1616 524 1665 debere,
548 1615 733 1655 irritum
754 1625 893 1666 quoq.
917 1620 962 1653 et
983 1625 1137 1653 manc.
1162 1612 1199 1651 si
1222 1623 1359 1651 secus
1380 1622 1520 1662 super
1541 1610 1631 1650 hiis
1652 1622 1678 1649 a
1697 1622 1853 1662 quoq,

210 1688 379 1740 quauis
401 1692 577 1737 aucte.,
601 1686 803 1725 scienter
824 1685 901 1724 vel
923 1685 1198 1736 ignoranter
1220 1668 1471 1733 contigerit
1494 1681 1786 1732 attemptari,
1813 1689 1855 1721 et

210 1760 277 1800 ita
299 1759 442 1799 etiam
464 1763 689 1810 perpetuo
711 1756 960 1797 statuimus
983 1761 1028 1795 et
1051 1755 1340 1795 ordinamus,

292 1830 527 1881 Quocirca
545 1828 908 1869 Venerabilibus
925 1827 1087 1868 fribus.
1110 1827 1223 1866 nris.
1245 1825 1495 1866 Dertusen.
1517 1825 1854 1876 Cartbaginen.

212 1914 268 1943 ac
289 1902 514 1942 Mutinen.
537 1900 682 1952 Epis,
714 1911 898 1940 necnon
927 1898 1143 1950 cuicunq.
1178 1897 1474 1939 Cathedralis
1503 1901 1560 1936 et.
1594 1896 1860 1948 Metropoli-

214 1982 310 2015 tan.
335 1973 578 2015 Ecclesiae
600 1972 831 2013 canonico
854 1983 909 2011 ac
940 1982 1172 2023 personae
1202 1970 1249 2009 in
1279 1969 1508 2020 dignitate
1539 1967 1858 2008 ecclesiastica

213 2046 520 2096 constitutae,
544 2056 625 2097 per
646 2044 814 2096 aplica.
839 2043 1017 2094 scripta
1040 2042 1342 2092 mandamus,
1368 2046 1489 2092 qtus.
1508 2040 1586 2091 ipi.
1607 2046 1651 2079 et
1671 2039 1859 2080 cuilibet

214 2122 350 2168 eoru,
375 2128 458 2169 per
480 2128 529 2156 se
550 2116 627 2156 vel
650 2115 792 2155 alium
815 2126 897 2155 seu
919 2115 1058 2164 alios,
1080 2112 1330 2163 moderno,
1355 2118 1399 2152 et
1420 2123 1505 2163 pro
1527 2117 1737 2162 tempore
1765 2110 1859 2150 Du-

215 2190 347 2230 cibus
388 2187 720 2244 existentibUS,
759 2198 814 2226 ac
849 2185 1043 2226 Decano
1080 2192 1124 2225 et
1159 2184 1323 2235 Caplo.
1360 2183 1456 2235 pssis
1483 2183 1529 2223 in
1569 2182 1856 2234 praemissis,

217 2260 405 2312 quando
429 2266 473 2300 et
495 2258 710 2311 quotiens
732 2257 953 2310 expedire
982 2256 1314 2307 cognouerint,
1345 2254 1549 2295 efficacis
1577 2253 1863 2294 defensionis

217 2332 423 2383 presidio
447 2331 744 2380 assistentes,
768 2329 946 2369 faciant
967 2333 1117 2368 aucte.
1142 2333 1304 2367 nostra
1328 2327 1405 2366 illa
1433 2325 1589 2366 omnia
1612 2331 1655 2365 et
1677 2325 1862 2376 singula

216 2404 550 2444 inuiolabiliter
568 2401 833 2451 obseruari,
854 2412 909 2440 ac
926 2400 1173 2440 Decanum
1192 2405 1236 2438 et
1254 2398 1463 2450 Caplum.
1485 2402 1587 2449 p.²0S
1610 2397 1863 2445 fructuum,

217 2475 482 2515 reddituum
514 2480 557 2514 et
586 2477 873 2524 prouentusi,
908 2483 964 2511 ac
993 2471 1145 2511 aliaru
1177 2470 1435 2521 pecuniarii
1465 2467 1728 2508 huiusmodi
1761 2480 1863 2519 per·

219 2546 433 2598 ceptione
455 2545 651 2597 pacifice
672 2544 764 2584 frui
784 2549 828 2584 et
848 2542 1074 2595 gaudere.
1099 2541 1203 2582 Non
1224 2541 1547 2593 permittentes
1564 2551 1643 2579 eos
1661 2551 1745 2590 per
1775 2538 1863 2580 Ar-

218 2618 450 2669 chiepum.
476 2616 714 2657 Valentin.
734 2627 819 2667 pro
837 2622 1049 2666 ternpore
1068 2613 1347 2653 existentem
1365 2617 1409 2651 et
1427 2611 1639 2662 Caplum.
1658 2610 1858 2651 Eccliae.

219 2689 455 2729 Valentin.
492 2689 653 2738 hmoi.,
695 2699 752 2727 ac
788 2686 964 2726 dictum
1003 2684 1235 2737 Joannem
1270 2683 1448 2724 Car.¹em
1489 2689 1534 2723 et
1563 2693 1864 2722 successores

221 2772 352 2810 suos,
377 2759 728 2811 Preposituram
749 2758 923 2798 mensis
944 2756 1101 2797 Martii
1124 2756 1264 2796 hmoi.
1298 2767 1384 2807 pro
1416 2760 1625 2805 tempore
1657 2753 1862 2794 obtinen-

220 2838 311 2881 tes,
336 2842 418 2871 seu
440 2842 698 2882 quoscunq.
723 2830 841 2869 alios
873 2828 1073 2879 desuper
1103 2827 1306 2867 indebite
1335 2825 1588 2866 molestari.
1619 2824 1863 2865 Contradi-

221 2908 377 2942 ctores
413 2914 496 2953 per
526 2913 776 2942 censuram
809 2899 1201 2949 ecclesiasticam,
1237 2897 1548 2949 appellatione
1583 2896 1861 2948 postposita,

223 2973 587 3025 compescendo,
618 2973 839 3013 inuocato
869 2972 1011 3011 etiam
1041 2970 1100 3010 ad
1130 2969 1242 3020 hoc,
1275 2970 1315 3009 si
1343 2981 1460 3021 opus
1492 2967 1652 3018 suerit,
1688 2967 1864 3008 auxilio
