1969 3293
573 745 762 798 INDEX
804 743 1265 798 GEOGRAPHICUS

478 1329 523 1370 A

114 1465 260 1494 Abbatia
282 1465 416 1494 Ordinis
436 1464 466 1493 S.
492 1463 684 1499 Benedicti,
708 1463 742 1490 in
764 1463 886 1499 oppido

140 1513 251 1549 Gerri,
267 1513 393 1541 Ilerdae
407 1511 570 1548 (Abbatia
584 1511 622 1539 de
637 1510 739 1539 Getis
759 1510 794 1539 in
814 1512 886 1538 tex-

144 1563 205 1598 tu),
219 1561 283 1590 571.

109 1609 230 1643 Anula,
245 1609 314 1636 vide
329 1607 439 1636 Avila.

106 1656 286 1684 Academia
299 1655 559 1690 Complutensis,
573 1654 639 1690 520,
652 1653 715 1682 632.

110 1702 288 1731 Academia
303 1702 515 1737 Gandiensis,
530 1701 596 1729 318.

108 1749 287 1778 Academia
302 1749 491 1784 ilerdensis,
508 1749 639 1785 169-172,
655 1748 718 1776 225.

109 1798 286 1826 Academia
300 1798 338 1825 de
354 1797 510 1832 Lombay,
528 1797 571 1832 ll,
590 1796 633 1832 12,
646 1796 691 1831 72,
707 1796 752 1824 73.

107 1845 283 1874 Academia
299 1844 513 1879 Parisiensis,
527 1843 596 1872 213.

104 1892 284 1921 Academia
297 1891 561 1927 salmaticensis,
575 1890 646 1927 225,
662 1890 726 1918 520.

105 1940 283 1969 Academia
298 1939 490 1974 Valentina,
503 1938 567 1967 220.

107 1990 243 2028 Acores,
258 1987 402 2021 insulae,
418 1985 480 2014 329.

104 2037 205 2071 Arior,
220 2040 320 2069 prope
335 2033 499 2061 Gaudium
514 2052 522 2068 ,
538 2032 580 2060 19.

103 2081 231 2116 Africa,
244 2081 290 2116 27,
307 2080 368 2115 144,
383 2080 446 2115 449,
460 2079 524 2115 498,
536 2079 600 2108 637.

104 2128 190 2156 Alba
214 2128 340 2156 Graeca
350 2148 358 2162 ,
384 2128 455 2154 vide
483 2126 685 2155 Griechisch
712 2125 885 2154 Weissen-

142 2176 242 2211 burg.

105 2224 242 2252 Albalat
254 2224 293 2251 de
308 2223 467 2251 Pardines
481 2223 536 2250 vel
551 2222 589 2250 de
603 2221 637 2249 la
647 2221 780 2257 Ribera,
795 2220 824 2256 8,
838 2220 885 2256 51,

143 2270 201 2304 110,
216 2269 281 2306 370,
294 2270 428 2306 612-614,
442 2269 510 2299 739.

104 2317 252 2352 Albalat,
265 2317 449 2345 baronatus
461 2315 513 2351 de,
527 2316 591 2351 356,
604 2316 668 2345 370.

105 2365 268 2401 Albayda,
285 2364 345 2399 164,
358 2364 420 2393 371.

107 2412 298 2445 Albocacer,
314 2412 377 2441 759.

104 2459 222 2488 Alcala
235 2459 274 2487 de
289 2460 436 2487 Henares
457 2458 718 2495 (Complutum),
732 2459 802 2494 227,
820 2458 885 2493 629,

140 2507 206 2536 634.

104 2555 221 2584 Alcala
234 2555 272 2583 de
286 2555 319 2583 13
332 2555 487 2584 Chovada
497 2555 552 2583 ve1
567 2555 606 2582 de
620 2555 653 2583 13
665 2554 804 2587 Jovada,
818 2553 881 2581 371.

105 2602 299 2638 Alcantara,
312 2602 376 2631 762.

106 2651 244 2678 Alcazar
257 2650 297 2678 do
311 2650 378 2683 Sal,
393 2650 456 2679 605.

105 2697 219 2726 Alcira
230 2717 239 2733 ,
253 2697 314 2732 141,
327 2697 392 2733 699,
405 2697 468 2726 739.

106 2745 262 2780 Aleodar,
285 2745 365 2773 olim
390 2752 499 2781 pagus
522 2752 622 2781 prope
647 2745 813 2776 Gaudium
828 2767 835 2782 ,
856 2747 884 2782 8,

142 2793 204 2822 371.

106 2843 223 2877 Alcoy,
236 2842 301 2876 366,
314 2843 378 2871 667.

105 2890 246 2926 Aledua,
260 2890 326 2926 699,
340 2891 402 2920 700.

105 2936 250 2972 Alfama,
265 2939 443 2966 castellum
458 2939 509 2973 de,
525 2938 590 2968 734.

104 2984 320 3020 Alfandeche,
333 2986 433 3013 vallis
446 2986 501 3014 de.
515 2985 578 3014 317.

106 3031 245 3067 Alfarfe,
260 3032 325 3068 694,
339 3032 403 3068 (399,
417 3032 485 3061 700.

916 3035 925 3068 u·-

958 1227 1132 1263 Algarbia,
1148 1227 1209 1255 781.

957 1275 1102 1310 Alget-ia
1116 1276 1170 1303 vel
1185 1276 1376 1311 Algerium.
1390 1276 1454 1303 457.

958 1322 1111 1357 Aiginet,
1124 1322 1188 1350 700.

962 1369 1116 1404 Alginet,
1131 1370 1311 1397 castellum
1328 1369 1377 1405 de,
1393 1369 1460 1397 698.

959 1416 1131 1452 Almansa,
1141 1416 1204 1444 478.

961 1463 1156 1499 Almosnes,
1170 1463 1197 1498 8,
1211 1464 1275 1498 240,
1290 1464 1354 1501 303,
1367 1464 1431 1493 371.

960 1510 1122 1538 Almunia
1145 1510 1184 1539 de
1206 1511 1335 1540 Florem
1358 1513 1530 1545 (Almunia
1550 1513 1598 1541 dei
1621 1513 1736 1541 Rome-

998 1556 1091 1594 ral‘.2),
1108 1559 1168 1587 150.

962 1606 1143 1634 Alonensis
1158 1607 1337 1636 Provincia
1350 1608 1543 1643 (Alicante),
1556 1609 1589 1637 8.

961 1654 1178 1689 Alpujarras‚
1204 1655 1298 1690 regio
1322 1658 1482 1683 montana
1505 1655 1537 1683 in
1562 1656 1738 1691 provincia

995 1700 1175 1740 Granatae,
1189 1701 1250 1730 426.

959 1749 1122 1784 Alqueria
1136 1750 1263 1787 Nueva,
1277 1750 1341 1778 240.

962 1796 1171 1831 Alquerieta,
1195 1797 1248 1825 vel
1272 1796 1436 1833 Alqueria
1460 1799 1498 1826 de
1518 1799 1738 1836 Guardamar‚

993 1842 1054 1878 240,
1066 1842 1131 1872 332.

959 1890 1140 1927 Ampudia,
1153 1891 1216 1920 645.

960 1937 1095 1972 Anglia,
1114 1937 1175 1972 197,
1188 1938 1252 1975 732,
1266 1939 1329 1967 737.

959 1986 1128 2021 Anglona,
1144 1986 1360 2022 Principatus
1377 1988 1428 2023 de,
1441 1988 1505 2016 361.

960 2033 1070 2070 Anna,
1086 2034 1120 2061 in
1135 2041 1229 2069 prov.
1244 2034 1431 2071 Valentiae,
1444 2035 1512 2064 370.

961 2082 1070 2117 Anna,
1085 2081 1274 2110 Baronatus
1289 2082 1339 2117 de,
1355 2082 1415 2111 164.

963 2129 1094 2157 Anvers
1108 2129 1331 2165 (Antuerpia),
1345 2129 1408 2157 765.

961 2177 1090 2211 Anxur,
1108 2178 1175 2204 vade
1189 2177 1379 2205 Terracina.

961 2225 1133 2258 Aragonia
1146 2226 1198 2252 vel
1212 2226 1414 2261 Arragonia,
1429 2226 1457 2261 7,
1471 2226 1516 2262 51,
1532 2225 1660 2259 137-139.
1676 2226 1739 2261 143,

998 2271 1126 2307 150-152,
1144 2272 1274 2307 155-157,
1291 2272 1351 2307 168,
1364 2272 1418 2301 266
1430 2293 1437 2306 ,
1451 2273 1573 2302 33:3-336
1583 2294 1590 2308 ‚
1604 2273 1739 2309 344-346,

996 2319 1060 2354 350,
1074 2319 1135 2353 427,
1150 2320 1215 2355 451,
1226 2320 1290 2355 464,
1300 2320 1363 2355 501,
1375 2320 1437 2356 517,
1448 2321 1511 2356 521,
1521 2321 1585 2357 522,
1600 2320 1663 2357 532,
1674 2321 1738 2356 533,

994 2367 1058 2403 569,
1072 2368 1136 2402 677,
1146 2366 1279 2401 683-688,
1293 2367 1352 2400 691,
1366 2368 1430 2403 693,
1441 2368 1504 2403 694,
1515 2367 1579 2403 701,
1593 2367 1658 2404 704,
1673 2368 1738 2403 705,

995 2415 1059 2451 716,
1073 2415 1138 2451 722,
1153 2415 1216 2449 723,
1230 2415 1295 2451 734,
1308 2414 1374 2447 736,
1386 2414 1450 2448 739,
1459 2409 1524 2443 784.

961 2464 1153 2499 Aragoniae
1168 2462 1344 2497 Civitates,
1354 2461 1416 2490 739.

959 2511 1152 2547 Aragoniae
1179 2509 1357 2538 Provincia
1384 2510 1415 2538 S.
1430 2509 1475 2542 J..
1492 2510 1545 2537 338
1557 2530 1564 2544 ,
1585 2510 1656 2547 343,
1670 2510 1734 2544 347,

993 2559 1061 2593 459,
1075 2558 1138 2593 516,
1152 2558 1213 2585 747.

959 2607 1130 2635 Aranzazu
1142 2627 1150 2641 ,
1165 2606 1233 2633 vide
1250 2606 1489 2634 Monasterium
1507 2605 1539 2633 Β.
1557 2605 1597 2634 V.
1613 2605 1737 2634 Mariae

995 2655 1033 2682 de
1047 2655 1227 2682 Aranzazu.

958 2703 1122 2737 Arborea,
1137 2701 1208 2728 vide
1222 2700 1410 2736 Oristagni.

958 2752 1064 2779 Areos
1077 2748 1308 2784 (Arcobriga),
1325 2748 1473 2776 Ducatus
1487 2748 1538 2781 de,
1551 2748 1613 2778 361.

960 2799 1081 2825 Arezzo
1094 2795 1274 2829 (Aretium,
1290 2795 1485 2829 Arretium),
1505 2795 1563 2824 165.

961 2843 1164 2879 Arragonia,
1179 2844 1250 2870 vide
1266 2842 1449 2877 AragonIa.

959 2892 1050 2926 Asia,
1068 2890 1128 2919 196.

958 2940 1134 2973 Asindum,
1145 2939 1218 2966 vide
1232 2937 1359 2965 Medina
1376 2936 1522 2965 Sidonia.

959 2986 1148 3022 Augsburff
1162 2986 1334 3020 (Augusta
1348 2983 1625 3019 Vindeiicorum),
1638 2983 1701 3012 309.

960 3033 1111 3065 Aurelia,
1126 3033 1196 3059 vide
1209 3031 1361 3060 Orleans.
