1969 3293
471 660 780 730 PAULI
835 661 1173 730 PAPAE
1224 660 1330 728 ΙΙΙ

90 911 301 946 apostolicae
322 912 459 939 litterae
481 911 601 946 quibus
624 912 810 940 Francisco
831 913 871 939 de
895 913 1040 947 Borgia‚
1061 913 1147 941 Duci
1175 913 1327 941 Gandiae
1342 934 1348 946 ,
1364 914 1517 940 concedit
1532 917 1569 940 ut
1592 914 1680 940 bona
1705 921 1725 940 a

142 959 270 992 Joanne
291 959 331 986 de
355 959 469 994 Borja,
494 959 525 986 ΙΙ
549 959 703 986 Gandiae
728 959 832 987 Ducis
856 960 976 994 fratre,
1000 961 1134 996 relicta,
1158 961 1191 988 in
1214 969 1311 988 suum
1335 960 1439 988 filium
1459 960 1638 994 Joannem,
1665 964 1724 988 aut

143 1006 258 1039 alium,
273 1010 413 1040 praeter
426 1007 698 1040 primogenitum,
714 1007 901 1034 transferre
916 1008 1045 1041 valeat,
1061 1008 1126 1035 hac
1141 1008 1330 1035 conditione
1343 1011 1378 1034 ut
1394 1008 1575 1041 sepulchra
1589 1008 1620 1034 in
1633 1007 1724 1034 Urbe

143 1059 302 1081 extruere
317 1058 413 1081 curet
428 1061 488 1088 pro
505 1053 704 1081 Alexandro
720 1053 778 1087 VI,
793 1053 930 1082 Summo
947 1054 1122 1088 Pontifice,
1137 1059 1169 1083 et
1186 1055 1308 1082 Enrico
1324 1055 1363 1082 de
1379 1054 1492 1089 Borja.
1510 1054 1683 1082 Cardinali
1701 1055 1723 1081 ¹.

641 1320 885 1362 PAULUS
914 1320 1081 1362 PAPA
1111 1323 1170 1363 ΠΙ

170 1533 350 1574 Dilecte
372 1533 480 1584 Fili,
505 1535 703 1574 salutem
724 1540 769 1574 et
788 1534 1113 1586 Apostolicam
1134 1535 1519 1576 benedictionem.

169 1605 286 1646 Cum
305 1606 425 1645 sicut
453 1605 720 1657 accepimus
748 1606 795 1646 in
825 1607 1234 1647 constitutionibus
1260 1607 1350 1647 fori
1386 1619 1441 1647 ac
1470 1608 1724 1658 pragmati-

90 1677 157 1716 cis
173 1677 494 1717 sanctionibus
511 1688 592 1717 seu
609 1677 790 1728 legibus
805 1677 958 1729 Regni
973 1678 1223 1718 Valentiae
1240 1684 1465 1719 caveatur
1483 1690 1720 1729 expresse,

88 1748 212 1799 quod
231 1759 290 1788 ex
311 1748 532 1788 damnato
554 1749 680 1788 coitu
695 1754 1050 1799 procreatorum
1068 1749 1389 1789 decedentium
1408 1750 1464 1789 ab
1482 1749 1720 1797 intestato,

89 1819 230 1869 bona,
255 1819 375 1859 inter
396 1830 652 1870 pauperes,
677 1830 759 1859 seu
779 1819 896 1860 alias
919 1820 1022 1870 pias
1051 1832 1243 1870 causas,
1273 1831 1353 1860 seu
1382 1821 1484 1871 pios
1512 1831 1648 1868 usUS‚
1679 1828 1724 1859 et

89 1890 250 1930 forsan
270 1902 354 1942 per
376 1889 566 1930 Curiam
586 1896 632 1930 et
654 1896 808 1930 certas
834 1891 946 1931 inibi
976 1902 1225 1942 expressas
1253 1903 1481 1943 personas
1509 1891 1724 1931 distribui

93 1967 137 2001 et
158 1961 372 2001 converti
392 1961 613 2011 debeant,
635 1966 680 2000 et
696 1961 815 2001 sicut
832 1961 977 2002 Nobis
993 1962 1194 2002 innotuit
1210 1974 1359 2013 nuper
1380 1961 1569 2012 quidam
1585 1961 1724 2014 Joan-

92 2044 175 2072 nes
196 2031 252 2071 de
272 2032 448 2083 Boi-gia
468 2044 527 2071 ex
546 2031 605 2071 fe:
628 2044 702 2072 re:
726 2032 1000 2072 Alexandro
1031 2032 1159 2084 Papa
1176 2033 1240 2073 VI
1258 2033 1621 2084 praedecessore
1646 2044 1724 2072 no-

92 2109 210 2153 stro,
233 2103 432 2153 Romae,
456 2103 643 2154 genitus
665 2108 708 2142 et
730 2104 904 2154 soluta,
928 2104 974 2143 in
997 2103 1197 2144 Civitate
1217 2105 1414 2157 Januen.
1446 2115 1606 2143 mense
1633 2103 1724 2143 No-

92 2174 274 2214 vembri
307 2174 521 2226 proxime
552 2174 733 2225 elapSO‚
766 2174 941 2214 relictis
969 2176 1202 2215 nonnullis
1231 2175 1384 2223 bonis,
1416 2175 1474 2215 ab
1502 2175 1724 2214 intestato

93 2245 159 2296 (ut
181 2245 429 2295 asse'ritur)
452 2245 731 2300 decesserit,
750 2244 846 2285 Nos
868 2245 1160 2285 attendentes
1182 2252 1250 2295 te,
1282 2246 1462 2286 Ducem
1493 2245 1723 2295 Gandiae,

93 2316 293 2368 praefati
314 2316 576 2356 Alexandri
595 2316 973 2367 praedecessoris
1001 2317 1303 2368 abnepotem,
1335 2317 1409 2356 cui
1437 2317 1494 2356 ob
1522 2317 1724 2368 plurima

92 2399 176 2439 per
195 2387 460 2440 praefatum
480 2386 808 2427 Alexandrum
829 2387 1242 2438 praedecessorem
1271 2388 1406 2427 nobis
1434 2388 1563 2427 illata
1589 2387 1724 2427 bene-

94 2458 200 2499 ficia
227 2459 365 2499 valde
396 2458 586 2498 obnoxii
616 2469 797 2507 sumus,
828 2469 1020 2498 numero
1050 2464 1227 2509 septem
1249 2458 1450 2498 filiorum
1470 2465 1725 2509 gravatum

96 2541 219 2580 esse,
242 2535 286 2569 et
307 2528 532 2580 majorem
553 2535 665 2568 natu
686 2529 733 2568 in
754 2528 942 2569 Ducatu
971 2528 1184 2569 Gandiae
1211 2529 1486 2580 succedere,
1516 2529 1724 2580 reliquos

97 2612 210 2641 vero
231 2607 336 2641 tuos
356 2600 477 2640 filios
503 2599 743 2651 praefatos
772 2600 836 2639 ita
867 2611 1097 2651 pauperes
1124 2600 1347 2651 existere,
1385 2607 1435 2640 ut
1471 2612 1528 2640 ex
1563 2612 1724 2640 eorum

96 2672 399 2712 facultatibus
423 2670 555 2722 juxta
583 2671 768 2711 illorum
802 2671 1114 2721 nobilitatem,
1151 2677 1195 2711 et
1227 2677 1376 2712 status
1410 2671 1726 2712 conditionem

98 2743 339 2784 commode
360 2754 409 2782 se
430 2747 694 2782 sustentare
714 2753 808 2781 non
828 2748 1039 2793 possent,
1063 2748 1107 2781 et
1124 2749 1367 2793 praeterea
1386 2742 1444 2782 ob
1462 2748 1592 2783 tuum
1609 2753 1724 2793 erga

153 2898 163 2918 ¹
203 2896 314 2925 Colec.
330 2897 701 2931 rom.—Apographum
715 2897 849 2924 saeculo
866 2905 924 2924 xV1
941 2897 1130 2925 confectum
1146 2897 1178 2924 in
1192 2896 1272 2925 folio
1288 2898 1510 2932 quadruplici.
