2063 3283
281 241 349 278 190
659 241 894 278 BORGiANA
921 247 1102 277 FAmLiA
1129 240 1273 277 Rnom
1305 241 1546 279 VALENTlNl

280 338 458 389 pientes·
481 338 638 387 igitur,
666 343 711 377 et
732 348 914 377 summo
937 336 1168 377 desiderio
1190 344 1470 389 exoptantes
1490 344 1541 379 ut
1570 339 1771 379 ecclesia
1800 339 1921 390 ipsa,

279 421 398 461 quae
427 408 682 449 admodum
708 407 929 448 notabilis
956 413 1001 448 et
1031 407 1230 459 insignis
1263 420 1320 449 ac
1348 419 1545 460 magno,
1574 409 1693 450 miro
1720 416 1765 451 et
1800 421 1921 451 sum«

277 486 445 531 ptuoso
468 490 608 530 opere
631 484 920 530 constructa,
937 490 1122 519 necnon
1139 479 1461 531 dignitatibus,
1481 481 1822 532 personatibus,
1842 482 1919 522 ad-

277 549 716 600 ministrationibus,
740 548 918 601 officiiS‚
943 550 1313 602 canonicatibus,
1336 556 1381 590 et
1398 551 1700 602 praebendis,
1725 551 1920 604 aliisque

277 620 477 661 diversis
516 619 754 660 beneficiis
780 621 1137 672 ecclesiasticis,
1169 621 1314 672 ipsius
1348 621 1680 672 integerrimae
1706 623 1921 674 Virginis

278 691 468 743 ejusque
503 691 732 742 unigeniti
768 691 856 731 Dei
883 697 928 732 et
963 691 1153 732 Domini
1182 704 1237 733 ac
1272 692 1601 744 Redemptoris
1634 695 1785 735 nostri
1809 694 1921 747 Jesu

275 762 449 802 Christi
484 762 676 802 laudum
702 763 959 814 praeconia
984 763 1058 815 pie
1085 764 1382 815 canentibus,
1411 764 1527 804 viris
1555 776 1738 816 quoque
1772 767 1921 806 excel·

277 833 477 873 lentibus
506 833 776 874 divinarum
804 834 1211 886 humanarumque
1238 835 1541 875 scientiarum
1567 837 1817 876 ornatu'ac
1845 837 1919 877 do-

274 904 427 944 ctrina
461 905 744 956 pollentibus
778 905 825 946 in
860 906 1054 958 copioso
1087 918 1283 946 numero
1318 906 1660 947 circumfuncta
1688 908 1861 959 existit,
1889 907 1922 948 'a

275 975 450 1016 Christi
475 975 686 1016 fidelibus
707 977 754 1017 in
776 977 933 1017 debita
955 977 1260 1018 veneratione
1281 976 1525 1029 habeatur,
1549 989 1604 1018 ac
1622 978 1669 1018 in
1691 979 1789 1019 suis
1805 985 1921 1019 stru—

275 1047 440 1099 cturis,
465 1047 707 1099 aedificiis,
733 1048 1040 1100 ornamentis,
1059 1049 1190 1090 libris
1207 1056 1251 1089 et
1267 1049 1556 1101 paramentis
1571 1050 1920 1102 ecclesiasticis,

277 1118 476 1170 aliisque
500 1119 639 1159 rebus
660 1120 945 1160 necessariis
964 1120 1185 1160 decenter
1206 1126 1250 1160 et
1271 1120 1528 1161 honorifice
1550 1127 1856 1162 conservetur
1876 1128 1922 1162 et

281 1196 660 1243 manuteneatur,
681 1191 870 1231 divinus
889 1202 1073 1243 quoque
1101 1192 1253 1232 cultus
1279 1191 1359 1244 qui
1386 1192 1557 1232 ibidem
1585 1198 1681 1232 tam
1708 1193 1920 1233 solemni-

275 1270 344 1301 ter
366 1267 411 1301 et
433 1261 602 1302 devote
624 1262 698 1302 die
726 1268 960 1314 noctuque
989 1263 1275 1315 celebratur,
1305 1263 1477 1304 nedum
1506 1263 1824 1316 continuetur,
1842 1276 1919 1304 ve-

275 1344 379 1372 rum
400 1333 544 1373 etiam
565 1334 899 1386 multiplicetur
920 1341 965 1374 et
988 1340 1233 1386 augeatur,
1257 1334 1509 1386 fidelesque
1524 1335 1614 1386 ipsi
1631 1347 1685 1375 eo
1702 1335 1921 1376 libentius

276 1404 543 1445 devotionis
564 1417 710 1446 causa
731 1405 790 1445 ad
812 1406 1027 1446 eamdem
1048 1407 1297 1447 ecclesiam
1319 1406 1556 1447 confluant
1583 1407 1643 1447 ad
1672 1419 1918 1448 conserva-

275 1476 467 1527 tionem,
492 1477 897 1518 continuationem
918 1483 963 1518 et
983 1478 1414 1529 augmentationem
1440 1477 1729 1529 praedictas,
1753 1490 1926 1519 manus

273 1547 536 1599 promptius
558 1549 807 1600 porrigant
828 1548 1095 1600 adjutrices,
1120 1561 1211 1601 quo
1233 1561 1291 1589 ex
1311 1549 1401 1589 hoc
1427 1549 1600 1590 ibidem
1625 1549 1747 1590 dono
1776 1551 1922 1590 coele-

274 1618 358 1659 stis
384 1619 570 1670 gratiae
597 1619 788 1660 uberius
816 1620 1150 1672 conspexerint
1176 1631 1225 1660 se
1252 1620 1478 1662 resectos:
1507 1620 1564 1660 de
1590 1621 1923 1672 omnipotentis

273 1689 362 1730 Dei
384 1690 722 1742 misericordia,
748 1697 795 1732 et
816 1691 1062 1732 beatorum
1089 1691 1215 1732 Petri
1241 1697 1286 1732 et
1311 1691 1445 1732 Pauli
1472 1693 1793 1743 apostolorum
1821 1691 1923 1744 ejus

272 1761 554 1802 auctoritate
587 1761 797 1814 confissi,
832 1763 1048 1803 omnibus
1075 1768 1121 1803 et
1146 1763 1345 1814 singulis
1371 1763 1615 1814 utriusque
1640 1774 1783 1804 sexus
1808 1775 1921 1804 vere

272 1833 623 1884 poenitentibus
642 1840 687 1874 et
709 1834 959 1885 confessis,
992 1835 1070 1887 qui
1096 1834 1144 1875 in
1171 1834 1387 1886 proximo
1410 1833 1568 1875 futuro
1585 1834 1705 1875 festo
1730 1834 1921 1876 Assum-

271 1904 445 1955 ptionis
465 1904 677 1957 ejusdem
696 1905 865 1946 beatae
890 1905 1106 1957 Virginis
1132 1905 1333 1957 Mariae,
1357 1917 1651 1958 quocumque
1679 1906 1754 1947 die
1783 1918 1921 1947 vene-

273 1976 352 2028 rit,
382 1982 428 2017 et
458 1978 730 2018 successive
758 1978 998 2029 perpetuis
1023 1977 1192 2018 futuris
1214 1978 1500 2029 temporibus
1521 1977 1567 2018 in
1594 1977 1760 2018 eodem
1784 1978 1918 2027 festo,

271 2048 454 2099 quoties
481 2048 593 2088 illud
623 2049 697 2089 die
729 2049 914 2090 sabbati
940 2049 1131 2090 evenire
1162 2049 1433 2101 contigerit3
1464 2055 1509 2090 et
1543 2049 1583 2089 si
1608 2055 1803 2101 propter
1830 2050 1916 2090 bis-

271 2126 457 2160 sextum
480 2120 669 2172 omiSSO,
696 2121 933 2161 dominico
955 2121 1029 2162 die
1058 2121 1353 2173 praedictum
1377 2121 1550 2161 festum
1577 2121 1783 2173 eveniat,
1810 2122 1918 2173 'ipso

271 2191 345 2231 die
366 2191 616 2243 dominico,
640 2191 861 2233 videlicet
883 2204 911 2233 a
932 2193 1096 2244 primis
1115 2192 1328 2244 vesperis
1349 2191 1558 2244 ejusdem
1573 2191 1680 2233 festi
1695 2204 1843 2244 usque
1859 2195 1917 2234 ad

271 2263 505 2303 secundas
526 2274 755 2315 vesperas
775 2263 1048 2304 festivitatis
1067 2264 1192 2304 beati
1211 2263 1442 2304 Ludovici
1462 2263 1761 2315 confessoris,
1787 2263 1921 2316 cujus

270 2345 445 2387 corpus
467 2334 513 2374 in
534 2335 638 2386 ipsa
659 2335 860 2375 ecclesia
880 2335 1135 2387 requiescit
1156 2335 1291 2387 (quae
1312 2334 1546 2376 festivitas
1572 2334 1694 2375 infra
1721 2341 1919 2376 octavas

270 2406 377 2447 festi
413 2405 767 2457 Assumptionis
801 2406 1068 2458 hujusmodi
1102 2406 1330 2447 celebrari
1365 2406 1643 2459 consuevit),
1667 2407 1916 2448 ecclesiam

270 2476 563 2529 praedictam
582 2476 751 2517 devote
779 2477 1101 2529 visitaverint,
1132 2483 1177 2518 et
1203 2478 1263 2518 ad
1289 2478 1726 2530 conservationem,
1755 2490 1916 2519 manu·

269 2549 540 2600 tentionem,
564 2548 967 2589 continuationem
988 2555 1033 2589 et
1054 2549 1487 2601 augmentationem
1514 2550 1812 2602 supradictas
1839 2550 1916 2590 de—

270 2631 372 2661 cem
393 2620 567 2660 solidos
588 2625 804 2660 monetae
825 2620 872 2660 in
895 2620 1022 2660 dicta
1050 2620 1244 2661 civitate
1264 2631 1349 2671 pro
1370 2626 1583 2673 tempore
1604 2621 1914 2673 occurrentis,

270 2703 353 2732 seu
373 2703 537 2732 eorum
557 2693 794 2743 valorem,
818 2697 899 2732 aut
923 2693 1048 2743 plus,
1073 2697 1212 2743 prout
1238 2703 1403 2732 eorum
1429 2692 1619 2733 devotio
1646 2692 1915 2744 dictaverit,

270 2763 345 2814 pie
379 2763 704 2814 erogaverint,
742 2762 1078 2815 cujuscumque
1114 2763 1388 2815 provinciae
1416 2771 1496 2804 aut
1517 2764 1724 2805 nationis
1756 2764 1916 2805 fideles

269 2834 444 2876 Christi
464 2835 523 2874 ad
544 2834 797 2874 ecclesiam
817 2834 968 2886 ipsam
985 2840 1236 2886 propterea
1252 2835 1531 2876 accedentes
1548 2835 1802 2887 extiterint,
1820 2836 1914 2887 ple-

267 2906 454 2946 nariam
497 2906 704 2946 omnium
746 2911 1052 2957 peccatorum
1093 2917 1286 2946 suorum
1323 2907 1651 2948 remissionem
1691 2907 1833 2948 semel
1867 2907 1914 2948 in
1946 2920 1949 2922 ·

274 2978 384 3029 vita,
408 2983 453 3018 et
474 2978 618 3017 semel
638 2976 685 3017 in
707 2976 872 3017 mortis
895 2976 1115 3028 articulo,
1140 2977 1420 3018 auctoritate
1441 2977 1726 3030 apostolica,
1750 2989 1914 3019 conce-

270 3048 425 3089 dimus
444 3060 528 3100 per
550 3053 838 3099 praesentes
863 3045 941 3088 Sic
962 3053 1119 3089 tamen
1141 3048 1263 3099 quod
1286 3047 1445 3089 fideles
1465 3049 1557 3101 ipsi
1586 3048 1643 3089 de
1663 3048 1720 3090 iis
1741 3049 1797 3089 de
1817 3049 1927 3100 qui-·
