2063 3283
248 212 291 248 10
793 212 835 249 S.
866 213 1143 251 FRANclscus
1172 213 1345 251 BoRom

251 308 508 359 magnifich
530 309 675 348 1111661·
696 309 817 361 Joan
839 315 971 351 costa
994 309 1160 350 doctor
1181 322 1239 350 en
1256 323 1430 351 cascun
1447 311 1549 352 dret
1565 324 1597 363 y
1613 312 1686 352 del
1705 312 1892 353 Consell

247 379 304 418 de
323 379 385 419 Sa
406 379 513 420 Μ3.ἵ
535 393 566 431 y
584 382 627 419 al
649 380 885 420 Reuerent
903 387 1078 421 mestre
1094 381 1212 421 Pere
1237 381 1377 422 Marti
1396 395 1594 434 preuere
1614 383 1623 402 ¹
1642 390 1816 424 mestre
1833 396 1891 424 en

246 450 394 491 Sacra
413 452 652 502 theologia
666 451 980 492 Sotssacrista
993 451 1006 470 ‘²
1021 452 1077 492 de
1092 453 1137 492 13
1153 464 1236 493 3611
1249 452 1263 472 ⁵
1282 453 1338 493 de
1357 453 1586 494 Valencia
1605 456 1795 496 absents
1813 457 1893 495 axi

245 534 352 562 com
373 523 412 562 si
433 522 592 562 fossen
614 529 831 574 presents
853 524 922 563 als
944 525 1077 575 quals
1097 530 1192 564 tots
1210 523 1339 575 junts
1362 537 1388 564 o
1406 527 1474 565 als
1491 527 1568 577 qui
1584 534 1801 578 presents
1822 539 1891 567 se—

244 606 331 633 ran
353 593 525 633 donam
548 594 776 634 conferim
797 608 829 646 y
850 595 1102 635 atribuhim
1124 596 1198 646 ple
1219 608 1250 647 y
1271 596 1461 636 bastant
1477 597 1624 648 poder
1645 610 1676 649 y
1692 597 1890 638 facultat

245 665 301 704 (16
324 665 394 705 fer
415 678 446 717 y
470 666 668 717 complir
688 679 720 718 y
742 678 769 706 a
790 667 1008 707 executio
1031 666 1195 706 (16(11111
1220 668 1287 707 163
1316 667 1627 719 disposicions
1654 683 1685 721 y
1708 669 1892 709 ordina-

245 736 376 775 cions
397 748 481 787 per
502 748 588 776 nos
611 748 669 777 en
690 749 714 777 e
736 737 793 777 ab
814 738 859 777 lo
880 744 1041 778 nostre
1063 744 1254 789 present
1276 744 1529 779 testament
1550 752 1581 791 y
1600 740 1795 780 darrera
1812 753 1891 781 vo-

243 809 396 848 luntat
417 814 581 848 nostra
599 808 834 860 dispostes
855 822 886 861 y
909 809 1172 850 ordenades
1193 810 1379 862 prenint
1408 822 1435 849 a
1462 822 1597 850 mans
1625 823 1733 851 sues
1764 818 1893 852 tants

245 879 301 918 (16
324 886 511 920 nostres
531 880 648 920 bens
670 892 723 920 or
745 888 913 932 argent
934 893 966 932 y
984 880 1121 933 joyes
1142 895 1174 933 y
1194 888 1369 922 venent
1390 883 1569 933 aquells
1590 894 1673 933 per
1694 884 1766 923 lur
1787 895 1892 934 pro-

246 951 347 1002 pria
368 953 586 992 voluntat
607 965 638 1004 y
661 953 886 993 autoritat
904 960 1075 1005 quants
1090 960 1266 994 mester
1282 966 1423 993 seran
1439 966 1523 1006 per
1538 954 1823 994 descarrech
1836 954 1895 994 de

244 1028 410 1062 nostra
432 1023 588 1062 anima
610 1036 641 1075 y
665 1024 964 1064 consciencia
985 1037 1017 1076 y
1038 1026 1341 1076 compliment
1362 1025 1418 1065 de
1439 1031 1603 1065 nostra
1624 1026 1841 1066 voluntat
1862 1039 1893 1077 y

245 1094 500 1146 disposicio
522 1095 578 1135 de
605 1097 651 1135 la
672 1095 825 1136 forma
846 1109 878 1148 y
900 1108 1095 1136 manera
1117 1109 1206 1148 que
1227 1109 1286 1137 en
1304 1098 1349 1137 lo
1366 1103 1556 1148 present
1575 1104 1735 1137 nostre
1752 1104 1893 1137 testa—

247 1173 374 1207 ment
395 1180 427 1218 y
448 1167 645 1207 darrera
667 1169 883 1209 voluntat
904 1174 1069 1208 nostra
1090 1180 1140 1208 es
1162 1175 1419 1220 contengut
1441 1168 1621 1220 dispost
1642 1182 1673 1220 y
1696 1168 1892 1209 ordenat

245 1239 315 1277 313
337 1239 471 1289 (111313
492 1250 690 1290 pregam
711 1252 743 1291 y
767 1239 1134 1279 affectadament
1154 1251 1467 1291 encarregam
1487 1241 1646 1280 vullen
1669 1246 1894 1291 acceptas

244 1310 288 1349 lo
311 1310 510 1349 carrech
527 1309 583 1350 de
600 1311 646 1350 la
662 1310 760 1350 dita
777 1317 942 1350 nostra
966 1312 1302 1351 marmessoria
1318 1309 1333 1329 4
1349 1311 1406 1351 ab
1430 1311 1712 1351 interuentio
1736 1312 1894 1351 tambe

246 1382 423 1421 consell
445 1393 477 1432 y
497 1382 715 1422 voluntat
737 1381 793 1421 de
816 1383 861 1421 la
882 1383 996 1422 molt
1017 1381 1104 1421 11Ιὲἑ
1122 1381 1245 1422 dona
1270 1382 1515 1422 francesca
1543 1382 1599 1422 de
1630 1382 1800 1423 Castro
1827 1383 1891 1434 pi-

241 1464 328 1493 nos
349 1465 380 1504 y
402 1452 459 1492 de
480 1452 613 1504 borja
634 1454 749 1494 molt
771 1465 885 1493 cara
906 1466 937 1505 y
955 1453 1126 1493 amada
1146 1454 1314 1494 muller
1331 1461 1509 1494 nostra.

322 1524 362 1565 3.
423 1524 462 1564 E
484 1525 823 1576 primerament
844 1538 875 1576 y
898 1537 984 1565 ans
1014 1524 1071 1564 de
1092 1531 1215 1566 totes
1237 1537 1373 1565 coses
1404 1526 1560 1566 volem
1591 1525 1835 1577 disponem
1857 1538 1890 1576 y

243 1596 470 1636 ordenam
486 1610 517 1648 y
535 1598 604 1636 als
621 1596 714 1637 dits
731 1604 919 1637 nostres
937 1608 1249 1637 marmessors
1267 1608 1577 1648 encarregam
1594 1609 1681 1648 que
1699 1597 1800 1636 sien
1814 1608 1893 1647 pa-

240 1674 350 1719 gats
365 1681 397 1719 y
414 1667 625 1709 satisfets
642 1675 738 1709 tots
753 1675 942 1709 nostres
960 1675 1080 1709 torts
1099 1668 1113 1687 ⁵
1136 1668 1300 1709 deutes
1326 1667 1515 1719 greujes
1537 1680 1561 1708 e
1583 1667 1776 1719 injuries
1796 1679 1894 1707 163-

240 1739 432 1779 tituides
453 1753 485 1791 y
505 1746 628 1780 totes
649 1753 680 1792 y
702 1741 946 1791 qualseuol
968 1740 1227 1791 quantitats
1257 1739 1526 1780 contrafurs
1543 1738 1557 1757 ‘⁵
1580 1752 1612 1791 y
1632 1738 1895 1790 injusticies

242 1811 406 1851 sobres
429 1812 441 1830 ⁷
462 1825 493 1864 y
516 1812 720 1852 offenses
737 1824 821 1863 per
841 1824 928 1851 nos
950 1823 1007 1851 en
1028 1818 1192 1852 nostra
1213 1811 1324 1852 vida
1341 1824 1367 1851 a
1386 1812 1627 1862 qualseuol
1644 1822 1849 1862 persona
1867 1822 1893 1849 0

241 1894 469 1933 persones
487 1883 543 1923 de
557 1884 800 1935 (11131361101
817 1883 1015 1934 qualitat
1032 1889 1126 1923 stat
1138 1896 1170 1935 y
1187 1882 1401 1925 condicio
1420 1883 1520 1922 sien
1532 1882 1694 1934 fetesy
1706 1882 1894 1922 (163631-

241 1966 420 2006 reguen
444 1968 476 2006 y
499 1955 874 2006 desempenoren
891 1955 1134 2006 qualseuol
1158 1954 1356 1994 carrech
1380 1966 1406 1993 0
1432 1953 1655 1994 carrechs
1674 1954 1743 1993 als
1760 1954 1895 2004 quals

240 2027 360 2066 siam
379 2033 545 2077 tengut
565 2039 597 2078 y
621 2027 798 2078 obligat
820 2038 904 2078 per
925 2027 1169 2077 qualseuol
1191 2037 1336 2066 631133
1357 2026 1436 2066 via
1462 2025 1614 2065 forma
1644 2037 1675 2076 y
1697 2036 1894 2064 manera

240 2111 272 2149 y
288 2098 406 2137 raho
425 2099 604 2150 aquells
621 2110 812 2150 empero
830 2111 861 2149 y
879 2099 1086 2149 aquelles
1105 2110 1193 2149 que
1212 2097 1607 2138 verdaderament
1624 2108 1673 2135 se
1691 2102 1891 2136 mostra-

240 2181 328 2209 ran
344 2182 430 2209 nos
448 2181 578 2211 esser
597 2176 763 2221 tengut
780 2183 811 2221 y
830 2170 1007 2221 obligat
1024 2170 1081 2209 ab
1101 2176 1257 2209 cartes
1274 2158 1519 2221 publiques
1538 2167 1759 2207 albarans
1771 2166 1786 2185 ⁸
1801 2173 1890 2207 tes-

240 2242 431 2281 timonis
451 2254 483 2293 y
504 2242 648 2282 altres
669 2241 919 2292 llegitimes
941 2253 1114 2292 proues
1135 2240 1207 2281 for
1228 2240 1285 2280 de
1307 2240 1464 2280 anima
1484 2252 1515 2291 y
1540 2238 1596 2278 de
1616 2239 1740 2278 bona
1758 2250 1889 2278 cons-

242 2313 422 2353 ciencia
439 2313 774 2364 benignament
787 2313 1024 2352 obseruat.

320 2384 359 2424 4.
420 2384 537 2425 Item
558 2385 715 2424 volem
736 2383 983 2435 disponem
1005 2395 1036 2434 y
1062 2383 1287 2423 ordenam
1318 2394 1407 2434 que
1436 2382 1535 2422 sien
1563 2388 1735 2433 pagats
1766 2394 1797 2432 y
1819 2393 1889 2421 33-

240 2571 275 2595 ct
299 2568 417 2601 Canet,
443 2568 553 2595 frater
579 2567 743 2594 Dominae
769 2566 977 2594 Franciscae
1001 2567 1040 2593 de
1066 2565 1202 2599 Castro,
1221 2574 1307 2600 quae
1329 2566 1423 2594 tertii
1447 2567 1550 2594 Ducis
1572 2567 1725 2594 Gandiae
1742 2567 1890 2594 secunda

240 2617 364 2651 conjux
380 2616 455 2643 fuit.

295 2665 303 2683 ¹
343 2664 498 2691 Prebere
510 2686 517 2695 ,
532 2664 563 2690 1(1
580 2667 641 2695 est,
661 2663 859 2698 Presbyter.

293 2713 307 2731 ‘-'
346 2712 596 2744 Sotssacristci,
611 2718 671 2738 seu
687 2711 854 2738 secundus
873 2710 1041 2737 aedituus.

292 2761 306 2779 Γ·
344 2760 396 2787 La
413 2760 494 2792 Seu,
508 2760 540 2787 id
556 2763 607 2787 est
623 2759 728 2787 Sedes
744 2759 1018 2793 Arcffiepiscopi,
1036 2765 1097 2785 seu
1112 2757 1332 2785 Cathedralis
1348 2757 1505 2785 Ecclesia
1520 2757 1718 2785 Valentira.

293 2810 308 2828 ¹⁴
346 2808 617 2839 Illarmcssoria,
630 2815 690 2834 seu
706 2807 917 2833 Testamenti
930 2806 1196 2833 administratio.
1214 2805 1446 2840 Marmessor,
1465 2806 1663 2832 testamenti
1676 2804 1888 2835 administer,

239 2856 428 2890 hispanice
443 2856 598 2888 albacea,
615 2858 890 2882 testamentano.

292 2903 306 2922 5
351 2903 451 2930 Torts
465 2902 690 2937 <injustitiae);
708 2902 833 2929 dentes
848 2901 999 2935 (debita);
1017 2900 1159 2935 greujes
1175 2902 1412 2935 (nocumenta);
1430 2902 1585 2936 injuries
1600 2901 1745 2933 (noxae).

292 2951 307 2970 ὓ
345 2950 558 2986 Contrasurs
572 2950 770 2984 (primariae
784 2950 868 2984 legis
885 2949 1111 2980 violationes).

294 3000 306 3018 ἰ
347 2999 474 3026 sobres
489 3000 684 3031 (excessus).

293 3048 308 3066 δ’
346 3048 526 3075 Albarans
540 3046 777 3083 (syngrapha).
