1969 3293
704 141 818 178 F1L11
844 151 898 178 ET
924 140 1079 178 F1L1AE
1633 138 1704 175 649

341 377 786 419 FERDINANDUS
817 378 1053 419 BORGIA
1085 378 1163 418 ET
1195 377 1436 419 CASTRO

158 591 324 632 Ortum
340 591 501 631 habuit
517 591 709 639 Matriti,
727 602 850 630 anno
864 591 960 631 fere
984 591 1099 641 1537,
1115 602 1139 631 e
1156 590 1412 630 Francisco
1431 590 1487 630 de
1503 589 1644 641 Borja
1661 596 1707 629 et

78 663 313 704 Eleonora
333 662 389 702 de
411 662 594 703 Castro.

159 734 297 774 Anno
322 733 422 773 1562
443 744 602 773 mense
621 733 878 773 Februario
899 733 1076 773 Matriti
1097 733 1296 783 degebat
1320 731 1344 772 ¹.

158 805 210 845 22
228 805 441 858 Januarii
466 804 567 844 1563
586 816 613 844 a
636 804 848 855 Philippo
870 803 909 845 ΙΙ
929 804 1185 855 Hispaniae
1213 803 1341 854 Rege
1368 802 1606 842 decretum
1640 809 1710 842 est

79 882 128 916 ut
149 876 504 916 informationes
526 875 582 915 de
603 886 732 915 more
753 875 917 915 fierent
937 887 1022 926 pro
1047 874 1085 914 F
1088 874 1345 914 erdinando
1373 874 1548 924 Borgia
1575 884 1710 924 eque-

80 947 166 988 stri
187 947 469 988 Calatravae
491 945 654 986 Ordini
677 946 961 997 cooptando,
989 946 1246 997 eodemque
1277 956 1400 985 anno
1430 944 1494 984 illi
1519 944 1711 984 militiae

80 1030 250 1059 nomen
270 1018 307 1058 F
311 1017 594 1058 erdinandus
613 1016 738 1057 dedit
759 1022 804 1056 et
825 1016 932 1056 dein
948 1016 1388 1057 Commendatarius
1405 1015 1461 1055 de
1488 1014 1711 1054 Castellu-

81 1100 170 1129 nos
189 1089 493 1129 renunciatus
514 1094 597 1128 est,

160 1159 312 1211 Hujus
333 1166 402 1201 est
423 1171 623 1212 sequens

748 1513 1050 1555 EPISTOLA

254 1669 540 1698 FERDINANDI
570 1669 770 1697 PARENTI
799 1668 881 1697 500
913 1669 951 1695 Ρ.
985 1667 1238 1695 FRANCISco
1269 1665 1547 1695 PRAEPosiTo

690 1739 926 1768 GENERALI
955 1738 991 1767 5.
1024 1739 1058 1772 J.
1090 1725 1104 1744 ‘³

164 2011 548 2053 Reverendisimo
571 2011 741 2053 Senos:
765 2011 822 2051 de
843 2011 895 2051 23
912 2010 968 2051 de
985 2010 1139 2051 Enero
1154 2021 1226 2050 me
1243 2009 1407 2049 dieron
1423 2009 1466 2048 la
1484 2019 1571 2059 que
1591 2007 1646 2047 V.
1666 2008 1715 2047 P.

84 2096 161 2125 me
181 2084 301 2124 11366
321 2083 508 2124 mei-ced
531 2084 587 2124 (16
607 2082 864 2134 respondes
886 2085 913 2122 3
941 2082 986 2121 13
1013 2093 1101 2133 que
1130 2082 1173 2121 le
1201 2080 1370 2121 escribi
1398 2091 1455 2119 en
1480 2090 1719 2119 recomen-

87 2155 255 2196 dacion
276 2155 332 2195 de
352 2155 474 2208 Juan
495 2154 713 2205 Salellas‚
736 2166 767 2205 y
787 2165 874 2205 por
895 2154 937 2193 el
957 2152 1092 2193 favor
1114 2164 1203 2203 que
1231 2151 1286 2192 de
1313 2151 1372 2191 V.
1405 2150 1454 2190 Ρ.
1487 2149 1662 2202 recibio
1688 2161 1719 2200 y

86 2238 173 2278 por
208 2226 398 2266 haberle
426 2224 757 2277 aprovechado
784 2225 848 2264 mi
873 2224 1045 2274 medio,
1074 2224 1187 2263 beso
1221 2225 1249 2262 a
1283 2222 1341 2262 V.
1380 2221 1429 2261 P.
1467 2221 1546 2261 mil
1582 2231 1721 2260 veces

87 2299 156 2338 los
178 2297 292 2349 pies.

167 2353 349 2420 Dejado
371 2373 534 2419 aparte
553 2368 599 2407 la
620 2367 807 2407 mereed
828 2378 916 2418 que
937 2366 996 2406 V.
1019 2365 1069 2405 Ρ.
1093 2376 1165 2404 1116
1186 2364 1290 2404 hizo
1313 2375 1401 2403 6011
1422 2375 1476 2403 su
1494 2367 1640 2412 carta,
1660 2373 1720 2401 no

88 2439 285 2491 pudiera
305 2439 455 2489 llegar
477 2441 504 2478 a
524 2438 698 2489 tiempo
720 2449 809 2489 que
828 2449 890 2489 yo
918 2440 1020 2476 mas
1051 2437 1096 2476 13
1126 2436 1342 2485 (1656313,
1375 2435 1422 2474 ni
1453 2445 1510 2474 en
1539 2444 1626 2485 que
1654 2439 1720 2472 tu-

92 2511 221 2551 viese
242 2513 344 2550 mas
361 2509 614 2550 necesidad
634 2509 690 2549 de
713 2509 957 2559 consuelo,
981 2519 1096 2559 pues
1117 2507 1172 2547 de
1194 2518 1286 2546 una
1308 2506 1549 2546 calentura
1577 2505 1720 2544 conti-

89 2593 183 2621 nua
205 2592 295 2621 con
317 2592 404 2632 que
425 2579 626 2620 Nuestro
647 2579 796 2620 Senor
826 2590 900 2619 me
927 2579 987 2618 ha
1013 2577 1238 2628 regalado
1266 2583 1391 2617 estos
1418 2576 1520 2616 dias
1547 2575 1603 2615 de
1633 2586 1722 2626 que

89 2663 171 2703 ya,
196 2651 384 2702 gracias
407 2654 434 2691 a
454 2651 529 2701 El,
553 2657 687 2702 estoy
708 2650 845 2700 libre,
868 2661 941 2689 me
958 2648 1144 2688 hallaba
1160 2648 1267 2687 bien
1283 2647 1516 2698 fatigado,
1537 2657 1722 2696 aunque

90 2733 180 2762 con
200 2722 369 2762 mucha
390 2721 715 2762 conformidad
737 2732 877 2772 suya,
902 2732 989 2771 que
1011 2731 1101 2758 6011
1123 2725 1223 2758 esta
1239 2731 1289 2758 se
1304 2729 1510 2769 pasaron
1526 2717 1596 2756 los
1616 2728 1719 2767 peo-

145 2907 156 2927 ¹
194 2906 282 2933 Vide
297 2906 437 2933 Boletin
455 2906 546 2933 dela
563 2905 669 2933 Acad.
687 2905 728 2932 de
745 2905 778 2931 Ia
797 2904 885 2931 ilist.
906 2908 995 2931 tomo
1010 2910 1091 2935 xxu,
1105 2909 1182 2937 pag.
1201 2902 1261 2929 155.

145 2954 159 2973 ²
197 2953 321 2982 Collec.
337 2961 418 2981 rom.
