1969 3293
224 161 294 198 752
771 161 814 199 S.
850 163 936 199 ΒΚΑ
947 165 1120 200 x‘clscts
1154 163 1321 200 Nonou

226 258 451 309 quaginta
469 258 645 298 libraru
662 259 894 299 Turonen.
919 259 926 277 ¹
946 271 1137 310 partior.
1157 259 1186 310 ⁸²,
1207 262 1280 300 vel
1295 252 1419 300 circa
1438 261 1691 301 secundum
1711 269 1867 302 comu-

227 339 331 368 nem
354 329 706 368 extimationem
727 331 883 369 valent
902 331 1165 381 annuatim,
1185 337 1252 370 tot
1269 343 1327 370 ex
1342 331 1590 382 fructibus,
1610 333 1867 373 redditibus

229 406 271 438 et
305 400 610 450 prouentibus
641 399 756 451 p.t¹'S,
787 401 862 452 qui
894 401 951 440 ad
981 403 1193 441 valorem
1224 413 1431 442 annuum
1466 403 1870 454 quadringentarsi

228 471 303 510 lib.
343 471 563 510 similium
600 472 858 512 secundum
895 472 1107 512 eamdem
1148 473 1500 513 extimationem
1541 475 1866 523 ascenderent,

225 548 453 593 perpetuo
472 550 806 593 separarentur
823 551 866 583 et
884 543 1347 594 dismembrarentur,
1370 556 1424 584 ac
1444 545 1549 584 illae.
1572 557 1753 585 necnon
1776 546 1867 586 fru-

227 619 349 663 ctus,
394 613 602 653 redditus
642 621 686 654 et
726 622 982 665 prouentus
1023 615 1175 655 dictae
1216 615 1417 655 Eccliae.
1465 617 1630 656 beatae
1670 617 1867 665 Mariae,

226 684 303 735 qui
325 684 729 735 quadringentaru
751 686 975 726 librarum
993 686 1213 726 similium
1237 687 1494 726 secundum
1516 687 1867 728 extimationem

228 758 350 806 Diam
372 757 584 795 valorem
606 762 764 797 annui-1
786 757 925 797 etiam
948 769 1040 797 non
1063 758 1314 806 excedunt,
1340 764 1383 797 et
1406 769 1464 798 ex
1487 758 1739 809 fructibus,
1770 760 1870 800 red·

227 827 400 867 ditibus
414 833 457 866 et
471 828 776 878 prouentibus
790 829 1074 880 quotidianis
1092 829 1473 868 distributionum
1486 830 1531 868 in
1549 830 1672 869 dicta
1690 830 1867 871 Ecclia.

235 899 399 938 beatae
421 898 599 939 Mariae
622 900 667 939 in
690 901 877 940 comuni
899 900 1114 940 distribui
1135 900 1380 940 solitarum
1402 912 1444 952 q.
1470 901 1529 941 ad
1547 902 1755 941 valorem
1772 902 1869 942 Tri—

228 976 424 1009 centart‘i
447 971 623 1011 librarii
645 971 864 1012 similium
887 972 1145 1012 ascendunt
1168 973 1431 1024 annuatim,
1457 978 1642 1013 centum
1671 978 1715 1013 et
1743 974 1873 1025 quin-

226 1042 452 1093 quaginta
476 1054 530 1081 ac
554 1043 674 1082 aliae
698 1049 883 1083 centum
905 1044 1050 1083 librae
1073 1045 1248 1084 similes
1266 1045 1476 1084 redditus
1494 1045 1636 1084 annui
1655 1056 1771 1096 quas
1791 1044 1871 1085 Di-

226 1114 347 1152 lecta
370 1113 414 1153 in
433 1126 541 1164 xpo.
561 1113 650 1153 filia
670 1114 849 1154 Nobilis
866 1115 1033 1154 Mulier
1052 1115 1204 1155 Maria
1222 1115 1433 1167 Henriq.,
1452 1116 1615 1160 relicta
1636 1115 1871 1167 quondam

224 1184 419 1237 Joannis
442 1185 497 1224 de
526 1185 700 1236 Borgia
730 1186 938 1226 eiusdem
968 1186 1181 1226 Gandiae
1212 1186 1383 1236 Ducis,
1414 1188 1491 1238 pia
1519 1186 1766 1227 deuotione
1794 1188 1872 1227 du-

227 1263 324 1305 cta,
350 1256 405 1296 de
428 1256 561 1296 bonis
581 1257 785 1308 propriis
807 1258 983 1297 donare
1005 1258 1205 1298 intendit
1228 1257 1264 1307 ⁵,
1288 1258 1481 1298 Mensae
1504 1257 1691 1310 Caplar.
1717 1258 1871 1298 dictae

227 1328 468 1368 Ecclesiae
490 1328 655 1368 beatae
678 1328 855 1368 Mariae
878 1336 1103 1381 perpetuo
1133 1330 1506 1381 applicarentur,
1537 1330 1870 1381 appropiaren-

227 1406 302 1439 tur
323 1406 367 1439 et
390 1400 768 1451 assignarentur,
793 1406 1077 1440 statueretur
1099 1407 1237 1452 quoq.
1258 1408 1301 1440 et
1323 1401 1618 1441 ordinaretur
1637 1401 1760 1452 quod
1777 1408 1874 1441 tam

229 1470 451 1511 Decanus
466 1470 688 1522 Cantorq.
705 1472 855 1512 Cane
884 1472 1066 1512 Vicarii
1082 1479 1125 1512 et
1143 1472 1368 1513 Chorales
1386 1472 1461 1524 pfl
1488 1473 1534 1512 in
1552 1472 1677 1512 dicta
1694 1472 1871 1512 Ecclia.

229 1543 426 1593 singulis
448 1543 610 1582 diebus
634 1555 775 1583 vnam
798 1544 941 1584 missa
963 1544 1009 1583 in
1037 1544 1209 1594 Cantu,
1241 1556 1295 1584 ac
1323 1545 1465 1584 horas
1487 1536 1753 1584 C'anonicas
1775 1551 1871 1584 tam

231 1614 425 1654 diurnas
448 1627 490 1665 q.
516 1622 794 1664 nocturnas,
820 1623 864 1655 et
888 1616 978 1655 alia
1007 1615 1165 1655 diuina
1195 1615 1370 1665 officia,
1404 1615 1797 1667 quemadmodum
1828 1615 1871 1655 in

233 1686 338 1726 aliis
361 1686 634 1736 Collegiatis
657 1687 829 1727 eccliis.
855 1687 1059 1738 partium
1080 1687 1228 1738 ipart‘i.
1256 1687 1357 1727 fieri
1379 1687 1648 1734 consueuit,
1673 1688 1875 1727 celebra-

232 1764 358 1805 rent,
391 1769 445 1796 ac
476 1757 697 1797 Decanus
718 1770 802 1809 pro
825 1765 1036 1809 tempore
1057 1759 1265 1798 existens
1297 1759 1602 1806 solemnibus,
1637 1757 1729 1798 Sex
1758 1770 1873 1798 Vero

231 1841 290 1869 ex
311 1828 404 1880 pli<
429 1829 681 1869 Canonicis
710 1841 792 1881 per
823 1830 1033 1870 Turnum
1062 1830 1467 1881 Ebdomadarum,
1500 1830 1618 1870 inter
1646 1842 1726 1870 eos
1757 1830 1876 1870 ordi-

231 1901 458 1951 nandum,
489 1900 667 1940 Dnicis.
702 1908 745 1941 et
774 1902 877 1941 aliis
904 1901 1083 1941 festinis
1107 1914 1199 1942 non
1234 1902 1521 1941 solemnibus
1553 1914 1607 1941 ac
1637 1901 1877 1941 ferialibus

233 1973 425 2012 missam
450 1973 509 2012 ad
531 1974 678 2012 altare
701 1973 851 2013 maius
873 1973 1025 2013 dictae
1045 1973 1273 2013 ecclesiae
1290 1973 1455 2013 beatae
1473 1972 1673 2023 Mariae,
1693 1976 1875 2012 necnon

233 2043 454 2084 Decanus
476 2044 653 2084 Cantor
676 2053 718 2084 et
741 2044 969 2084 Canonici
992 2044 1068 2095 pti
1097 2045 1294 2095 singulis
1315 2044 1494 2084 Dnicis.
1531 2052 1636 2095 post
1666 2043 1877 2095 Comple-

232 2116 402 2155 torium
425 2116 540 2165 diei,
565 2115 752 2166 vigilias
775 2115 1053 2156 defunctort‘i
1072 2124 1114 2155 et
1133 2122 1356 2167 sequente
1376 2116 1517 2155 etiam
1535 2127 1678 2155 Vnam
1697 2115 1742 2155 in
1760 2114 1877 2155 Can-

233 2195 279 2226 tu
300 2199 384 2239 pro
403 2187 655 2235 defunctis,
676 2198 732 2227 ac
750 2188 948 2238 singulis
968 2187 1071 2227 aliis
1089 2188 1251 2227 diebus
1269 2187 1410 2227 totius
1428 2187 1538 2227 anni
1557 2187 1697 2227 etiam
1717 2187 1873 2234 aliam,

233 2259 400 2298 missas
422 2259 655 2298 submissa
679 2271 794 2299 voce
816 2271 900 2310 pro
923 2259 1000 2310 pfl
1023 2259 1218 2312 Joannis
1240 2258 1386 2298 Ducis
1414 2265 1457 2298 et
1485 2258 1722 2310 quondam
1749 2257 1877 2298 Petri

233 2330 461 2370 Ludouici
483 2331 624 2370 etiam
646 2331 701 2370 de
719 2330 914 2381 Borgia,
935 2331 1013 2382 qui
1031 2331 1171 2370 etiam
1193 2330 1405 2370 Gandiae
1422 2330 1555 2380 Dux,
1576 2336 1619 2370 et
1636 2329 1713 2381 pti
1735 2329 1873 2382 Joan-

232 2402 303 2441 nis
324 2402 469 2442 frater
491 2402 598 2451 fuit,
625 2402 838 2445 similiter
861 2402 1089 2450 defuncti,
1115 2408 1159 2442 et
1181 2402 1330 2442 alioru
1351 2401 1556 2451 Ducum,
1590 2413 1706 2452 quos
1734 2401 1781 2440 in
1809 2399 1873 2440 fu-

233 2483 387 2513 turum
411 2474 638 2514 decedere
661 2474 975 2525 contingeret,
1001 2474 1216 2514 animaru
1240 2475 1388 2513 salute
1407 2474 1645 2513 celebrare
1664 2479 1875 2512 teneren-

233 2553 327 2595 tur,
371 2557 425 2584 ac
467 2558 523 2585 ex
564 2546 814 2595 fructibus,
857 2545 1139 2595 redditibus,
1181 2545 1488 2596 prouentibus
1530 2551 1573 2584 et
1615 2544 1877 2595 pecuniarii

286 2706 293 2724 ¹
336 2705 438 2738 Juxta
456 2706 593 2733 MAROEN
610 2716 631 2742 y
648 2707 858 2738 ARROSPIDE,
879 2706 1032 2732 Tratado
1047 2706 1194 2739 general
1209 2707 1251 2733 de
1265 2706 1435 2732 monedas
1450 2709 1533 2739 etc.,
1550 2703 1874 2737 Introduccz'on,1i-

232 2754 291 2780 bra
310 2755 500 2780 turonensi<
516 2756 695 2780 constabat
711 2754 744 2780 2«)
759 2753 875 2780 solidis
890 2761 949 2780 seu
963 2753 1013 2780 140
1026 2754 1186 2787 denariis,
1201 2758 1233 2781 et
1250 2755 1292 2780 ab
1306 2761 1393 2780 anno
1407 2753 1475 2780 1493
1487 2753 1529 2780 ad
1544 2753 1612 2779 1515
1627 2753 1799 2786 aequabat
1813 2751 1829 2777 4
1842 2752 1878 2778 li.

232 2802 322 2833 bras,
342 2802 522 2833 insolidos,
539 2803 553 2828 7
569 2802 727 2828 denarios
743 2807 899 2828 monetae
921 2801 954 2828 in
977 2801 1092 2829 Gallia,
1108 2810 1169 2829 usu
1191 2806 1331 2836 recepta
1349 2806 1499 2835 tempore
1523 2808 1587 2835 quo
1609 2800 1665 2827 ille
1690 2800 1876 2832 scribebat,

231 2849 359 2875 scilicet
375 2857 462 2876 anno
480 2850 547 2875 1750
576 2850 710 2876 Assia-it
724 2850 828 2876 etiam
842 2850 964 2876 libram
977 2854 1134 2876 monetae
1147 2849 1287 2876 Parz'sz's
1301 2857 1385 2883 quae
1399 2849 1503 2876 etiam
1517 2849 1698 2875 constabat
1712 2848 1747 2874 20
1759 2847 1877 2874 solidis

232 2896 354 2923 5011240
365 2897 514 2923 denariis
530 2897 669 2923 l'iza‘z'sis
681 2897 900 2924 aestimatam
914 2897 1015 2924 fuisse
1030 2901 1163 2924 tantum
1177 2902 1211 2924 ut
1229 2898 1258 2923 16
1270 2897 1385 2924 solidis
1400 2895 1637 2923 turonensibus
1649 2898 1873 2922 constantem.

286 2946 299 2963 '-'
338 2944 406 2971 Alii
422 2948 520 2970 crant
537 2945 680 2971 clcnamz'
696 2947 904 2971 turonenses
919 2945 1299 2979 grosstappe1lati,a11i
1317 2945 1371 2978 qui
1387 2948 1447 2978 pat
1459 2943 1731 2971 vivoeabantur.

285 2992 299 3011 ³
338 2991 424 3018 Vide
442 3000 518 3026 pag.
534 2993 600 3020 259.
