1969 3293
700 105 815 141 Ama
843 114 1104 141 DOCUMENTA
1649 102 1719 137 637

86 206 205 246 libus
227 205 480 255 elargimur
499 236 506 254 ,
530 211 574 244 et
596 204 641 243 in
663 214 742 243 eos
763 203 904 243 etiam
925 213 1031 241 cum
1053 200 1224 240 actuali
1246 200 1429 239 illorum
1464 199 1717 250 possessio-

86 277 219 316 nibus
240 275 567 325 translatione,
592 286 648 314 ac
670 286 775 314 cum
797 274 1004 313 clausula
1026 271 1266 312 constituti
1289 270 1640 319 transferimus3
1669 277 1713 309 et

83 348 332 400 Joannem,
356 358 439 386 seu
460 346 601 386 alium
623 357 681 385 ex
702 345 805 384 filiis
826 343 1050 395 praefatis
1072 343 1141 393 (ut
1166 341 1454 394 praefertur)
1472 341 1712 380 nominan-

86 419 198 458 dum
232 417 387 468 quoad
420 417 542 456 bona
576 416 840 467 praedicta,
879 421 927 453 ut
962 413 1275 465 praemittitur
1312 412 1633 461 substitutum,
1673 418 1716 451 et

83 488 411 539 subrogatum,
435 481 627 538 ipsaque
644 486 766 525 bona
784 486 868 525 sibi
886 485 1079 532 donata,
1099 491 1142 524 et
1159 484 1460 534 consignata,
1480 490 1524 522 et
1546 483 1591 522 in
1609 494 1714 522 eum

87 560 340 607 translata,
378 570 432 596 ac
468 558 599 597 Illum
638 555 827 606 eJ’usque
867 567 1163 595 successores
1202 554 1442 605 praefatos
1482 554 1712 593 bonorum

85 629 429 681 praedictorum
451 628 745 678 corporalem
767 633 810 666 et
832 627 1062 666 actualem
1083 626 1427 677 possessionem
1446 636 1531 676 per
1549 636 1618 673 se,
1642 626 1715 663 vel

83 701 247 751 alium,
272 711 353 739 seu
375 699 515 748 alios,
541 699 681 737 etiam
704 697 892 748 propria
914 697 1193 736 auctoritate
1215 703 1258 735 et
1281 696 1459 747 absque
1477 695 1615 746 spolii
1633 706 1715 734 seu

83 771 406 823 atemptatoris
428 770 565 819 vitio,
590 775 669 808 aut
690 768 855 819 quovis
877 768 967 807 alio
992 767 1170 820 Judicis
1192 767 1379 807 decreto
1397 768 1473 806 vel
1491 766 1714 806 mandato

83 843 224 882 libere
246 839 647 893 appraehendere,
673 846 717 879 et
738 839 959 887 retinere,
984 850 1040 878 ac
1061 838 1116 877 de
1141 838 1251 884 illis,
1284 845 1332 878 ut
1360 838 1415 878 de
1448 838 1581 877 bonis
1612 849 1714 888 pro-

83 914 217 965 priis,
253 912 313 953 ad
339 923 502 952 eorum
532 911 727 950 liberum
756 915 917 949 nutum
950 908 1199 959 disponere
1230 920 1368 959 posse
1401 909 1711 954 decernimus,

83 985 242 1036 eisque
277 983 477 1034 desuper
510 984 697 1034 plenam
729 988 774 1020 et
801 981 1016 1029 liberam,
1047 991 1102 1019 ac
1139 979 1408 1019 omnimodo
1444 980 1715 1019 facultatem

85 1055 402 1103 concedimus,
426 1054 620 1104 ipsaque
641 1053 783 1101 bona,
809 1062 891 1091 seu
913 1062 1073 1090 eorum
1096 1051 1250 1101 aliqua
1273 1051 1331 1090 ab
1358 1050 1445 1089 illis
1468 1062 1526 1089 ex
1548 1050 1715 1100 quavis

83 1127 222 1167 etiam
242 1124 611 1176 ingratitudinis,
635 1124 710 1162 vel
738 1122 828 1161 alia
861 1122 1003 1161 etiam
1024 1127 1435 1172 quantuncumque
1456 1119 1716 1171 justissima

81 1209 246 1247 causa,
270 1197 345 1236 vel
366 1208 424 1236 ex
445 1206 738 1246 quocumque
760 1193 942 1233 defectu
973 1192 1168 1241 auferri,
1200 1204 1255 1232 ac
1284 1192 1611 1242 praesentibus
1632 1202 1715 1242 per

82 1279 401 1321 quascumque
424 1267 624 1315 litteras,
649 1271 693 1305 et
720 1265 900 1315 gratias
927 1276 1009 1303 seu
1037 1264 1371 1303 concessiones
1394 1263 1449 1302 de
1472 1262 1612 1302 dictis
1640 1263 1716 1302 bo-

82 1341 172 1389 nis,
196 1350 277 1379 seu
299 1349 459 1378 eorum
482 1337 711 1388 aliquibus
732 1347 815 1387 per
835 1347 922 1375 nos
944 1342 988 1374 et
1010 1346 1314 1374 successores
1348 1340 1537 1373 nostros
1566 1333 1624 1373 ad
1654 1333 1715 1373 di-

82 1417 206 1451 ctam
227 1410 476 1451 Cameram
496 1420 579 1448 seu
599 1418 915 1459 quoscumque
937 1407 1054 1446 alios
1082 1417 1354 1455 concessas,
1385 1412 1429 1445 et
1459 1404 1716 1444 conceden-

82 1482 167 1523 das
189 1481 409 1532 derogari
429 1491 522 1519 non
543 1491 702 1530 posse,
727 1478 945 1529 ipsasque
966 1477 1147 1516 litteras
1168 1476 1264 1516 vim
1286 1476 1429 1516 validi
1448 1483 1491 1516 et
1513 1476 1717 1515 efficacis

82 1565 137 1593 ac
154 1552 255 1593 initi
272 1559 315 1592 et
332 1551 541 1603 stipulati
557 1556 827 1590 contractus
844 1561 899 1589 ac
917 1548 1214 1599 obligationis
1231 1548 1351 1587 inter
1367 1546 1464 1587 Nos
1482 1554 1526 1587 et
1549 1546 1718 1587 Sedem

84 1623 428 1676 Apostolicam,
452 1633 507 1661 ac
522 1622 775 1674 Joannem,
795 1632 876 1660 seu
894 1620 1036 1659 alium
1051 1618 1386 1659 nominandum
1401 1618 1559 1669 filium,
1578 1618 1718 1658 illius-

85 1707 173 1747 que
194 1705 493 1735 successores
520 1691 782 1744 praefatos,
813 1703 839 1730 a
869 1703 961 1742 quo
992 1691 1132 1730 etiam
1166 1688 1331 1739 Nobis,
1365 1697 1407 1729 et
1437 1689 1717 1729 successori-

85 1768 168 1807 bus
188 1766 360 1806 nostris
381 1765 607 1805 Romanis
627 1763 930 1803 Pontificibus
948 1763 1074 1802 nullo
1097 1761 1235 1802 modo
1258 1773 1340 1801 seu
1366 1760 1468 1812 jure
1496 1761 1717 1801 recedere

84 1839 243 1888 liceat,
276 1837 471 1887 habere,
503 1836 721 1887 ipsasque
750 1835 931 1874 litteras
959 1845 1014 1873 ac
1043 1845 1186 1884 supra
1219 1833 1343 1873 dicta
1373 1833 1529 1872 omnia
1558 1838 1602 1872 et
1630 1832 1718 1871 sin-

83 1910 195 1960 gula
215 1915 311 1948 tarn
334 1908 379 1947 in
396 1907 591 1958 judicio,
616 1918 757 1958 quam
778 1912 935 1955 extra,
958 1903 1253 1956 probandum
1284 1904 1517 1953 sufficere,
1548 1915 1633 1943 nec
1659 1904 1719 1943 ad

85 1981 131 2021 id
166 1980 357 2020 alterius
387 1978 677 2030 probationis
705 1977 1038 2020 adminiculum
1072 1976 1267 2027 requiri,
1304 1987 1389 2015 nec
1430 1975 1721 2014 contrarium

84 2052 294 2104 probari,
320 2052 394 2091 vel
414 2051 557 2090 ullam
578 2048 904 2101 probationem
927 2048 973 2087 in
995 2047 1285 2087 contrarium
1301 2047 1448 2098 recipi
1465 2047 1541 2086 vel
1557 2046 1719 2086 admit-

85 2125 137 2173 ti,
162 2135 245 2163 seu
265 2123 324 2163 de
357 2121 686 2173 surreptionis,
716 2120 792 2159 vel
819 2118 1125 2170 obreptionis,
1158 2130 1240 2157 seu
1268 2118 1516 2167 nullitatis,
1550 2122 1629 2156 aut
1656 2117 1719 2156 in-

85 2194 327 2242 tentionis,
365 2205 447 2233 seu
481 2203 759 2244 quocunque
800 2191 889 2230 alio
928 2190 1090 2230 forsan
1128 2188 1293 2239 majori
1332 2189 1516 2228 defectu
1554 2189 1722 2239 quovis

85 2271 332 2317 praetextu
352 2264 507 2305 notari
528 2264 603 2304 vel
624 2262 910 2314 impugnari,
942 2268 1020 2301 aut
1048 2261 1096 2301 in
1124 2261 1278 2312 aliquo
1309 2261 1499 2300 alterari
1529 2260 1719 2299 nullate-

85 2349 172 2377 nus
194 2345 350 2388 posse3
385 2336 555 2387 illaque
581 2336 760 2384 valere,
791 2335 1067 2385 plenamque
1098 2331 1280 2372 roboris
1310 2331 1579 2371 firmitatem
1611 2331 1723 2371 obti-

85 2419 216 2459 nere,
237 2420 292 2448 ac
307 2407 479 2461 Joanni
495 2418 578 2447 seu
594 2407 684 2446 alio
701 2405 986 2446 nominando
1004 2404 1096 2444 filio
1115 2403 1328 2455 praefato
1345 2402 1585 2454 perpetuis
1604 2401 1722 2442 futu-

57 2529 60 2532 ,
85 2481 149 2520 ris
169 2478 456 2530 temporibus
477 2477 727 2528 suffragari
748 2477 937 2525 debere,
964 2482 1007 2516 et
1028 2476 1094 2515 sic
1117 2475 1163 2514 in
1186 2474 1456 2526 praemissis
1476 2485 1558 2525 per
1587 2485 1722 2524 quos-

85 2562 282 2602 cumque
318 2549 530 2601 J‘udiceS,
572 2554 616 2588 et
661 2547 1042 2597 commissarios,
1086 2546 1229 2585 etiam
1263 2544 1525 2585 Causarum
1555 2545 1721 2585 Palatii

87 2621 332 2674 apostolici
352 2619 629 2668 Auditores,
655 2631 710 2659 ac
737 2617 939 2658 Sanctae
968 2616 1208 2657 Romanae
1239 2616 1467 2655 ecclesiae
1497 2615 1720 2655 Cardina-

86 2694 152 2733 les
173 2692 357 2732 sublata
378 2690 476 2742 ejus
499 2697 544 2730 et
564 2701 726 2730 eorum
749 2689 936 2730 cuilibet
963 2688 1130 2739 quavis
1158 2687 1291 2726 aliter
1315 2686 1557 2737 judicandi
1583 2693 1628 2726 et
1656 2687 1718 2726 in-

87 2761 408 2815 terpraetandi
441 2761 684 2811 facultate,
715 2767 760 2801 et
786 2760 1063 2800 auctoritate
1086 2758 1309 2810 judicari,
1329 2763 1373 2796 et
1391 2758 1722 2809 interpraetari

87 2835 280 2884 debere,
305 2845 391 2873 nec
413 2844 507 2873 non
528 2832 566 2872 si
588 2843 727 2883 super
752 2832 810 2871 iis
838 2844 863 2871 a
887 2842 1202 2882 quocumque,
1227 2830 1395 2881 quavis
1421 2830 1717 2876 auctoritate,

87 2906 312 2954 scienter,
336 2904 410 2944 vel
433 2904 705 2955 ignoranter
728 2902 975 2953 contigerit
998 2900 1267 2952 atemptari,
1292 2901 1498 2949 irritum,
1524 2906 1567 2939 et
1584 2901 1720 2939 inane

1439 2989 1481 3021 42
