1969 3293
255 252 327 289 418
823 247 867 287 S.
897 225 1134 287 FRANCIsCI
1160 249 1333 286 Rom-‚m

255 349 360 396 fuit,
391 347 446 387 de
475 346 606 398 cujus
633 347 781 387 natali
810 347 883 387 die
913 353 957 387 et
988 358 1147 387 mense
1177 359 1271 387 non
1301 353 1509 397 constat,
1542 348 1730 388 minime
1760 360 1888 399 vero,

254 419 521 468 Ludovica,
542 430 680 470 quam
710 418 884 458 mensis
907 418 1110 468 Augusti
1131 418 1216 458 19?
1237 424 1398 458 natam
1415 429 1577 458 omnes
1593 419 1889 470 unanimiter,

252 491 330 542 qui
347 490 446 541 ejus
467 490 613 529 vitam
636 500 945 539 enarravere,
971 489 1219 529 affirmant.

332 561 466 612 Quod
487 561 525 600 si
548 560 771 600 Enricum
798 559 1002 600 Ducissa
1023 560 1166 600 edidit
1193 561 1444 612 postremis
1465 561 1575 601 anni
1611 561 1711 601 1518
1732 561 1895 603 diebus

250 638 329 673 aut
350 632 514 684 primis
535 632 793 683 sequentis,
818 631 1111 672 Ludovicam
1136 632 1222 672 19.a
1243 631 1451 684 Augusti
1475 632 1596 684 1519,
1626 640 1804 685 septem
1826 635 1891 674 vi-

250 704 416 744 delicet
439 709 518 743 aut
539 703 599 743 ad
619 714 852 743 summum
878 710 985 744 octo
1015 710 1119 755 post
1140 704 1364 744 Enricum
1385 704 1646 755 mensibuS,
1672 705 1889 755 edidisse,

253 775 527 816 incredibile
550 786 747 826 prorsus
768 781 852 815 est.

327 847 399 887 Ex
421 847 493 886 his
514 847 641 886 clare
663 852 707 886 et
728 853 882 897 certo,
907 847 954 886 ni
972 847 1170 887 multum
1184 846 1412 898 fallimur,
1435 847 1580 899 liquet
1600 848 1892 889 Ludovicam

248 931 371 959 anno
398 917 517 969 1520,
542 917 636 969 die,
661 924 710 958 ut
732 917 855 969 apud
887 929 1050 958 omnes
1083 924 1288 967 constat,
1317 918 1402 959 19.a
1424 919 1628 970 Augusti
1650 919 1792 960 fuisse
1813 932 1891 960 na-

249 996 361 1030 tam.
389 989 522 1041 Quod
551 989 761 1041 apprime
792 990 863 1029 his
895 995 1145 1039 consonat,
1180 1002 1298 1042 quae
1329 1002 1492 1042 supra,
1527 1002 1585 1031 ex
1616 990 1768 1031 Patris
1797 992 1892 1032 Mu-

253 1061 384 1102 niesa
407 1061 679 1101 narratione
701 1061 1100 1112 transcripsimus

333 1133 485 1174 Matre
507 1139 664 1173 tamen
684 1133 818 1173 brevi
848 1139 953 1185 post
982 1139 1212 1186 tempore,
1243 1133 1407 1174 eodem
1434 1134 1613 1175 scilicet
1644 1146 1765 1175 anno
1792 1134 1895 1175 1520

256 1210 481 1256 exeunte,
507 1204 672 1244 orbata
693 1210 777 1245 est.

330 1275 461 1327 Quae
484 1288 590 1316 cum
611 1276 676 1316 ita
704 1275 818 1327 sint,
849 1276 1045 1316 delenda
1078 1288 1136 1316 ex
1166 1274 1265 1327 ejus
1293 1275 1407 1317 Vita
1438 1276 1657 1317 videntur
1677 1282 1776 1317 tum
1797 1277 1890 1327 illa,

251 1360 371 1399 quae
394 1348 450 1388 de
466 1347 642 1399 primis
663 1347 825 1398 annis,
851 1359 968 1399 quos
986 1347 1201 1388 Gandiae
1218 1347 1448 1388 infantula
1469 1349 1685 1399 exegisse
1707 1349 1891 1399 dicitur,

248 1425 551 1470 enarrantur,
577 1425 676 1460 tum
696 1419 975 1470 praesertim
992 1419 1090 1468 illa,
1113 1431 1231 1470 quae
1249 1426 1443 1471 propter
1459 1419 1748 1470 maximnm,
1770 1419 1894 1472 quod

248 1491 587 1541 intercedebat,
613 1491 783 1531 aetatis
812 1491 1087 1541 discrimen,
1118 1502 1230 1541 may
1260 1491 1494 1541 disserente
1522 1492 1666 1542 edaci,
1694 1490 1893 1532 Ludovi-

249 1575 355 1603 cam
377 1563 496 1603 inter
514 1562 707 1614 ejusque
724 1562 966 1613 maritum,
988 1561 1298 1613 conjectando
1315 1563 1470 1614 potius
1488 1574 1629 1615 quam
1646 1564 1894 1614 explorata

249 1641 471 1686 certaque
493 1634 754 1681 narrandO,
781 1634 996 1674 evenisse
1019 1640 1306 1674 asseruntur.

326 1706 417 1746 25.ἱῑ
439 1706 512 1746 die
532 1706 641 1760 Julii
666 1705 763 1745 1521
794 1705 905 1746 Dux
933 1705 1147 1746 Gandiae
1175 1706 1358 1756 tertius,
1390 1712 1642 1758 postquam
1664 1707 1894 1747 adversus

246 1789 350 1828 eos,
389 1778 467 1829 qui
507 1778 866 1828 agermamzclos
896 1777 1192 1827 dicebantur,
1224 1777 1349 1818 haud
1383 1776 1600 1818 secundis
1629 1778 1774 1818 armis
1810 1789 1895 1829 pro

246 1849 376 1900 Rege
410 1849 733 1900 nobilibusque
766 1855 1016 1899 certasset,
1048 1848 1273 1889 Dianium
1308 1848 1510 1900 aufugit,
1549 1849 1703 1901 ibique
1734 1849 1895 1889 navim

247 1932 353 1960 cum
373 1921 471 1961 suis
493 1920 817 1960 conscendens
835 1952 842 1971 ,
865 1919 1193 1960 Penniscolam
1213 1919 1303 1959 29.ει
1324 1918 1535 1971 ejusdem
1556 1921 1731 1960 mensis
1754 1931 1894 1972 appu·
1948 1964 1950 1966 ,

247 1992 297 2031 lit
335 2003 495 2032 secum
523 1991 680 2032 ferens
708 1991 1074 2043 primogenitum
1106 1991 1415 2032 Franciscum
1450 1998 1494 2032 et
1527 1991 1670 2032 filiam
1697 1991 1896 2032 Ludovi·
1968 1986 1969 1995 ¹

248 2075 369 2114 cam,
394 2075 514 2115 quae
535 2063 739 2115 primum
759 2063 817 2103 ab
837 2068 942 2103 ortu
965 2074 1139 2103 annum
1161 2063 1369 2103 nondum
1389 2064 1678 2115 expleverat.

302 2135 432 2175 Haec
469 2140 626 2175 autem
661 2135 801 2187 paulo
839 2140 946 2186 post
982 2134 1414 2185 Caesaraugustam
1447 2135 1590 2175 missa
1625 2134 1710 2175 fuit
1744 2134 1790 2174 in
1825 2134 1896 2175 sui
1962 2127 1963 2132 ’

248 2207 468 2247 avunculi
489 2206 678 2247 domum
697 2206 894 2260 Joannis
916 2206 972 2247 de
993 2206 1214 2257 Aragon,
1238 2206 1598 2258 Archiepiscopi
1634 2206 1892 2247 Caesarau-

245 2278 457 2329 gustani,
482 2278 682 2330 indeque
705 2278 880 2318 Bazam
902 2278 962 2318 ad
982 2278 1229 2329 proaviam
1250 2277 1451 2318 Mariam
1471 2278 1527 2318 de
1548 2277 1701 2329 Luna,
1726 2283 1770 2317 et
1793 2283 1893 2317 tan-

244 2350 352 2390 dem
374 2350 419 2390 in
447 2350 610 2390 urbem
639 2349 735 2390 San
764 2349 921 2390 Lucar
952 2349 1008 2390 de
1043 2349 1353 2400 Barmmeda,
1387 2349 1465 2389 ubi
1495 2349 1580 2389 sub
1612 2354 1894 2389 materterae

245 2433 379 2471 cura,
404 2421 572 2461 Annae
601 2420 657 2461 de
686 2421 905 2472 Aragon,
936 2420 1166 2461 Ducissae
1195 2420 1252 2460 de
1279 2419 1467 2461 Medina
1499 2419 1717 2471 Sidonia,
1749 2420 1896 2459 maxi-

246 2505 371 2533 mam
392 2493 620 2545 pueritiae
643 2499 686 2533 et
709 2493 1058 2534 adolescentiae
1080 2499 1263 2544 partem
1285 2492 1459 2544 exegit.

329 2565 481 2615 Quam
502 2565 697 2605 honeste
719 2570 972 2616 sancteque
990 2577 1044 2604 eo
1062 2570 1271 2616 tempore
1294 2576 1343 2604 se
1363 2564 1586 2615 gesserit,
1607 2575 1666 2603 ex
1684 2563 1740 2603 iis
1756 2562 1895 2602 facile

246 2635 415 2687 conjici
449 2642 623 2688 potest,
664 2648 783 2688 quae
811 2635 910 2687 ejus
938 2636 1082 2687 patri,
1106 2635 1276 2688 Joanni
1305 2635 1500 2687 Borgia,
1532 2634 1768 2675 scribebat
1804 2633 1896 2674 Du·
1956 2632 1960 2679 ζ

240 2708 383 2748 cissa.
418 2708 498 2748 Ait
527 2708 672 2748 enim:
717 2706 812 2747 “De
842 2707 985 2747 Luisa
1017 2719 1078 2747 no
1109 2707 1246 2747 sabre
1281 2706 1409 2747 decir
1441 2709 1468 2746 a
1501 2705 1559 2746 V.
1594 2704 1639 2746 S.
1673 2705 1775 2746 sino
1808 2716 1895 2756 que
1949 2713 1957 2764 ᾗ

245 2778 368 2819 nada
390 2791 447 2819 en
469 2779 558 2818 ella
581 2779 676 2829 hay
698 2781 799 2818 mas
822 2790 910 2830 que
932 2778 1120 2819 desear:
1151 2789 1210 2818 no
1238 2789 1410 2829 parece
1438 2777 1549 2817 nina
1573 2774 1634 2817 en'
1660 2776 1703 2816 la
1733 2779 1891 2816 razo'n.
1954 2778 1958 2829 j

245 2850 290 2890 Y
312 2851 411 2891 sola
432 2851 477 2890 la
499 2850 800 2890 consolacion
823 2862 911 2902 que
933 2861 1006 2890 me
1027 2861 1077 2890 es
1098 2850 1138 2890 el
1160 2850 1341 2889 tenerla
1360 2880 1368 2900 ‚
1391 2861 1465 2889 me
1492 2848 1640 2900 puede
1670 2847 1896 2887 aconhor-
1946 2853 1955 2902 j

244 2928 320 2962 tar
344 2921 353 2940 ¹
377 2922 433 2962 de
453 2922 497 2961 la
520 2927 697 2961 muerte
719 2921 774 2961 de
804 2922 846 2961 la
877 2921 939 2961 mi
961 2933 1072 2973 muy
1093 2921 1262 2961 amada
1285 2921 1535 2971 hermana,
1568 2931 1657 2972 que
1677 2919 1799 2959 buen
1829 2929 1898 2957 re·
1944 2920 1953 2979 ff

307 3083 316 3102 ¹
360 3082 451 3110 Idem
469 3089 508 3110 ac
526 3082 702 3113 consolar,
718 3081 836 3109 solari.
