1969 3293
197 223 269 260 526
765 220 808 258 S.
838 221 1074 259 FRANCISCI
1101 222 1273 259 BORGIA

277 318 380 359 Con
399 319 443 357 la
464 318 638 357 noticia
661 318 717 358 de
740 319 811 358 las
834 319 1048 359 heroicas
1072 318 1281 359 virtudes
1311 319 1367 359 de
1394 331 1448 360 su
1478 321 1704 361 hermano
1726 320 1835 362 Don

196 389 453 430 Francisco
485 389 541 428 de
571 388 732 440 Borja,
758 389 835 429 iba
862 401 920 430 en
953 402 1017 430 un
1051 390 1353 431 abatimiento
1389 391 1634 442 continuo,
1672 403 1835 444 expre-

196 460 345 501 sando
367 460 411 499 la
434 459 688 499 diserencia
706 472 795 511 que
813 461 889 501 iba
907 461 962 501 de
980 473 1073 501 uno
1091 464 1119 501 a
1135 467 1254 502 otro:
1280 462 1470 513 [Ac-mel,
1492 462 1622 503 decia
1641 463 1837 503 muchas

198 542 358 582 veces,
383 534 466 570 tan
485 534 645 582 santo,
664 543 697 582 y
710 543 773 582 yo
792 533 1122 583 taupecador!
1144 532 1480 584 6·Esposz·ble.9
1502 533 1546 574 Y
1562 534 1835 586 rompiendo

197 615 254 643 en
274 602 521 653 lagrimaS,
545 615 576 653 y
599 603 853 654 queriendo
881 603 1023 643 hacer
1054 616 1146 643 una
1175 605 1507 656 comparacion
1533 617 1623 645 con
1651 606 1721 646 los
1747 606 1837 657 pri-

197 685 352 713 meros
381 673 633 713 hermanos
662 686 750 725 que
780 675 857 715 vio
889 675 931 715 el
961 675 1157 727 mundo,
1182 675 1408 716 edificaba
1442 679 1470 715 a
1497 676 1634 716 todos
1665 688 1754 717 con
1785 689 1839 717 su

197 744 614 795 arrepentimiento
637 757 666 796 y
689 756 744 784 su
766 745 1022 786 humildad.

280 814 348 855 La
370 816 740 856 secularizacion
768 816 824 856 de
852 818 897 857 la
924 817 1095 868 Iglesia
1125 818 1199 858 del
1227 817 1481 869 Salvador,
1515 817 1757 859 intentada
1779 819 1840 858 al—

197 897 352 938 gunos
374 890 490 926 anos
517 893 671 938 anteS,
705 893 816 927 tuvo
844 887 995 928 efecto
1027 901 1084 929 en
1114 900 1168 929 su
1198 889 1393 941 tiempo,
1425 889 1548 930 dada
1574 890 1619 930 la
1647 889 1763 929 Bula
1786 902 1842 930 en

199 958 349 998 Roma
370 970 457 1010 por
478 957 717 998 Clemente
741 958 846 999 VIII
879 971 936 999 en
973 959 1021 999 12
1047 959 1102 1000 de
1128 960 1250 1013 Julio
1284 960 1340 1001 de
1375 959 1498 1011 1604,
1530 959 1754 1000 admitida
1786 972 1843 1001 en

200 1029 384 1069 Madrid
405 1041 463 1069 en
482 1029 530 1069 31
557 1029 612 1069 de
634 1029 794 1070 Marzo
828 1029 884 1070 de
915 1030 1036 1082 1605,
1060 1044 1090 1083 y
1113 1031 1356 1083 ejecutada
1377 1043 1434 1072 en
1455 1031 1698 1083 Zaragoza
1720 1044 1778 1072 en
1803 1033 1845 1072 el

200 1100 368 1141 mismo
391 1104 497 1140 ano.
521 1100 620 1141 Con
642 1101 835 1141 ocasion
858 1101 914 1141 de
936 1102 1024 1142 ella
1053 1108 1164 1142 tuvo
1194 1103 1234 1143 el
1263 1102 1528 1154 Arzobispo
1549 1102 1710 1143 varias
1733 1103 1844 1143 dife-

200 1172 388 1212 rencias
408 1172 546 1212 sobre
568 1172 799 1212 derechos
821 1172 877 1213 de
896 1171 1224 1225 jurisdiccion,
1245 1173 1387 1214 delas
1404 1186 1493 1226 que
1514 1175 1580 1214 les
1602 1174 1727 1226 pidio
1744 1186 1845 1226 per—

201 1242 293 1283 don
314 1255 371 1283 en
392 1255 486 1283 una
507 1243 681 1294 platica
700 1255 788 1294 que
809 1244 877 1284 les
899 1244 1004 1284 hizo
1027 1246 1072 1284 al
1093 1245 1262 1286 recibir
1284 1246 1325 1286 el
1345 1245 1490 1286 Santo
1509 1245 1699 1286 Viatico
1717 1258 1774 1286 en
1791 1257 1846 1286 su

201 1314 365 1354 Ultima
387 1313 709 1366 enfermedad,
735 1315 1107 1366 asegurandoles
1124 1328 1212 1368 que
1229 1317 1364 1357 todas
1381 1317 1555 1357 habian
1571 1317 1672 1357 sido
1695 1316 1845 1357 efecto

198 1385 276 1425 del
296 1385 639 1426 conocimiento
662 1397 719 1425 en
741 1398 830 1437 que
852 1387 1017 1427 estaba
1038 1387 1094 1428 de
1114 1389 1433 1440 pertenecerle
1463 1400 1549 1440 por
1579 1388 1845 1440 obligacion

199 1457 260 1497 de
281 1468 336 1497 su
358 1455 493 1496 oficio
515 1469 546 1508 y
567 1468 627 1496 no
650 1455 706 1496 (16
729 1457 905 1508 alguna
928 1458 1093 1510 pasion
1114 1463 1354 1510 extraria„

286 1884 427 1925 Plura
454 1885 501 1926 in
528 1885 748 1926 Praefato
780 1887 1022 1927 Ecclesiae
1052 1886 1197 1928 ssmi.
1227 1887 1490 1929 Salvatoris
1517 1887 1747 1928 Archivio
1769 1899 1844 1927 ex-

205 1962 332 1997 stant
352 1957 542 2009 scripta,
567 1958 734 2010 quibus
752 1958 1099 2010 discrepantiae
1127 1959 1260 2011 origo
1282 1959 1708 2012 Archiepiscopum
1729 1960 1849 2000 inter

207 2035 250 2068 et
272 2028 539 2080 Capitulum
559 2041 654 2069 non
676 2030 876 2070 obscure
904 2029 1194 2082 designatur.
1223 2031 1344 2072 Nam
1375 2030 1432 2071 1.0
1462 2042 1604 2083 aegre
1633 2031 1850 2072 canonici

204 2100 440 2151 ferebant,
471 2112 578 2141 cum
604 2112 768 2141 eorum
799 2101 970 2153 aliquis
995 2102 1410 2154 reprehendendus
1431 2109 1569 2154 esset,
1594 2102 1847 2154 correptio-

204 2183 314 2211 nem
345 2171 402 2211 ab
430 2183 523 2211 uno
551 2171 929 2224 Archiepiscopo
956 2173 1161 2224 pendere
1190 2179 1234 2214 et
1263 2185 1358 2214 non
1392 2174 1448 2214 ab
1478 2173 1850 2226 Archiepiscopo

208 2242 346 2282 simul
367 2248 411 2283 et
432 2243 668 2295 Capitulo:
691 2242 754 2283 2.⁰
779 2255 886 2284 cum
906 2250 1135 2285 vacarent
1162 2245 1489 2297 canonicatus,
1520 2257 1753 2286 novorum
1775 2257 1849 2285 ca-

208 2314 487 2355 nonicorum
514 2315 794 2355 electionem
823 2315 889 2356 ita
921 2315 1022 2356 fieri
1051 2317 1220 2357 debere
1253 2316 1598 2357 contendebant
1627 2323 1677 2357 ut
1699 2317 1852 2368 prima

209 2385 397 2436 quidem
424 2386 528 2426 vice
557 2386 614 2426 ab
643 2385 1043 2439 Archiepiscopo‚
1075 2387 1223 2428 altera
1252 2399 1367 2428 vero
1400 2400 1426 2428 a
1462 2387 1677 2440 Capitulo
1699 2399 1852 2429 novus

209 2457 465 2497 canonicus
499 2457 772 2509 eligeretur,
811 2463 857 2498 et
891 2459 959 2498 sic
994 2459 1188 2499 alternis
1223 2459 1406 2500 vicibus
1442 2459 1677 2512 deinceps.
1711 2459 1775 2500 At
1806 2459 1854 2499 in

209 2532 407 2579 utroque
429 2540 612 2580 semper
636 2529 702 2569 eis
726 2529 907 2570 obstitit
931 2529 1348 2582 Archiepiscopus.

293 2883 746 2926 Reverendissimus.
769 2886 1169 2939 Archiepiscopus
1186 2886 1244 2927 D.
1263 2887 1471 2927 Thomas
1482 2887 1670 2939 Borgia,
1689 2887 1752 2929 83²
1767 2888 1805 2928 F
1809 2900 1850 2929 e-

212 2955 392 2995 bruarii
412 2954 526 3006 1604,
545 2957 757 3007 sequenti
774 2958 1106 2999 adhortatione
1122 2958 1363 2999 ministros
1385 2958 1669 2998 sacramenti
1689 2958 1850 3000 Poeni-

214 3026 387 3067 tentiae
408 3026 664 3067 instructos
685 3029 847 3069 voluit.
